%YAML 1.1
%TAG !u! tag:unity3d.com,2011:
--- !u!29 &1
OcclusionCullingSettings:
  m_ObjectHideFlags: 0
  serializedVersion: 2
  m_OcclusionBakeSettings:
    smallestOccluder: 5
    smallestHole: 0.25
    backfaceThreshold: 100
  m_SceneGUID: 00000000000000000000000000000000
  m_OcclusionCullingData: {fileID: 0}
--- !u!104 &2
RenderSettings:
  m_ObjectHideFlags: 0
  serializedVersion: 9
  m_Fog: 1
  m_FogColor: {r: 0.65080994, g: 0.666729, b: 0.7075472, a: 1}
  m_FogMode: 3
  m_FogDensity: 0.05
  m_LinearFogStart: 0
  m_LinearFogEnd: 300
  m_AmbientSkyColor: {r: 0.212, g: 0.227, b: 0.259, a: 1}
  m_AmbientEquatorColor: {r: 0.114, g: 0.125, b: 0.133, a: 1}
  m_AmbientGroundColor: {r: 0.047, g: 0.043, b: 0.035, a: 1}
  m_AmbientIntensity: 1
  m_AmbientMode: 0
  m_SubtractiveShadowColor: {r: 0.13296545, g: 0.19145328, b: 0.33962262, a: 1}
  m_SkyboxMaterial: {fileID: 2100000, guid: 0ffaa0b7117ba8c47a9d05ae701d4b4d, type: 2}
  m_HaloStrength: 0.5
  m_FlareStrength: 1
  m_FlareFadeSpeed: 3
  m_HaloTexture: {fileID: 0}
  m_SpotCookie: {fileID: 10001, guid: 0000000000000000e000000000000000, type: 0}
  m_DefaultReflectionMode: 0
  m_DefaultReflectionResolution: 128
  m_ReflectionBounces: 1
  m_ReflectionIntensity: 1
  m_CustomReflection: {fileID: 0}
  m_Sun: {fileID: 2138677392}
  m_IndirectSpecularColor: {r: 0.2850269, g: 0.3713935, b: 0.49601045, a: 1}
  m_UseRadianceAmbientProbe: 0
--- !u!157 &3
LightmapSettings:
  m_ObjectHideFlags: 0
  serializedVersion: 11
  m_GIWorkflowMode: 0
  m_GISettings:
    serializedVersion: 2
    m_BounceScale: 1
    m_IndirectOutputScale: 1
    m_AlbedoBoost: 1
    m_EnvironmentLightingMode: 1
    m_EnableBakedLightmaps: 1
    m_EnableRealtimeLightmaps: 0
  m_LightmapEditorSettings:
    serializedVersion: 12
    m_Resolution: 2
    m_BakeResolution: 32
    m_AtlasSize: 512
    m_AO: 1
    m_AOMaxDistance: 1
    m_CompAOExponent: 1
    m_CompAOExponentDirect: 0.3
    m_ExtractAmbientOcclusion: 0
    m_Padding: 2
    m_LightmapParameters: {fileID: 0}
    m_LightmapsBakeMode: 0
    m_TextureCompression: 1
    m_FinalGather: 0
    m_FinalGatherFiltering: 1
    m_FinalGatherRayCount: 256
    m_ReflectionCompression: 2
    m_MixedBakeMode: 1
    m_BakeBackend: 1
    m_PVRSampling: 1
    m_PVRDirectSampleCount: 32
    m_PVRSampleCount: 256
    m_PVRBounces: 2
    m_PVREnvironmentSampleCount: 256
    m_PVREnvironmentReferencePointCount: 2048
    m_PVRFilteringMode: 2
    m_PVRDenoiserTypeDirect: 0
    m_PVRDenoiserTypeIndirect: 0
    m_PVRDenoiserTypeAO: 0
    m_PVRFilterTypeDirect: 0
    m_PVRFilterTypeIndirect: 0
    m_PVRFilterTypeAO: 0
    m_PVREnvironmentMIS: 0
    m_PVRCulling: 1
    m_PVRFilteringGaussRadiusDirect: 1
    m_PVRFilteringGaussRadiusIndirect: 5
    m_PVRFilteringGaussRadiusAO: 2
    m_PVRFilteringAtrousPositionSigmaDirect: 0.548
    m_PVRFilteringAtrousPositionSigmaIndirect: 2
    m_PVRFilteringAtrousPositionSigmaAO: 1
    m_ExportTrainingData: 0
    m_TrainingDataDestination: TrainingData
  m_LightingDataAsset: {fileID: 0}
  m_UseShadowmask: 0
--- !u!196 &4
NavMeshSettings:
  serializedVersion: 2
  m_ObjectHideFlags: 0
  m_BuildSettings:
    serializedVersion: 2
    agentTypeID: 0
    agentRadius: 0.5
    agentHeight: 2
    agentSlope: 45
    agentClimb: 0.4
    ledgeDropHeight: 0
    maxJumpAcrossDistance: 0
    minRegionArea: 2
    manualCellSize: 0
    cellSize: 0.16666667
    manualTileSize: 0
    tileSize: 256
    accuratePlacement: 0
    debug:
      m_Flags: 0
  m_NavMeshData: {fileID: 0}
--- !u!1 &12251754
GameObject:
  m_ObjectHideFlags: 0
  m_CorrespondingSourceObject: {fileID: 0}
  m_PrefabInstance: {fileID: 0}
  m_PrefabAsset: {fileID: 0}
  serializedVersion: 6
  m_Component:
  - component: {fileID: 12251757}
  - component: {fileID: 12251756}
  - component: {fileID: 12251755}
  m_Layer: 0
  m_Name: EventSystem
  m_TagString: Untagged
  m_Icon: {fileID: 0}
  m_NavMeshLayer: 0
  m_StaticEditorFlags: 0
  m_IsActive: 1
--- !u!114 &12251755
MonoBehaviour:
  m_ObjectHideFlags: 0
  m_CorrespondingSourceObject: {fileID: 0}
  m_PrefabInstance: {fileID: 0}
  m_PrefabAsset: {fileID: 0}
  m_GameObject: {fileID: 12251754}
  m_Enabled: 1
  m_EditorHideFlags: 0
  m_Script: {fileID: 11500000, guid: 4f231c4fb786f3946a6b90b886c48677, type: 3}
  m_Name: 
  m_EditorClassIdentifier: 
  m_HorizontalAxis: Horizontal
  m_VerticalAxis: Vertical
  m_SubmitButton: Submit
  m_CancelButton: Cancel
  m_InputActionsPerSecond: 10
  m_RepeatDelay: 0.5
  m_ForceModuleActive: 0
--- !u!114 &12251756
MonoBehaviour:
  m_ObjectHideFlags: 0
  m_CorrespondingSourceObject: {fileID: 0}
  m_PrefabInstance: {fileID: 0}
  m_PrefabAsset: {fileID: 0}
  m_GameObject: {fileID: 12251754}
  m_Enabled: 1
  m_EditorHideFlags: 0
  m_Script: {fileID: 11500000, guid: 76c392e42b5098c458856cdf6ecaaaa1, type: 3}
  m_Name: 
  m_EditorClassIdentifier: 
  m_FirstSelected: {fileID: 0}
  m_sendNavigationEvents: 1
  m_DragThreshold: 10
--- !u!4 &12251757
Transform:
  m_ObjectHideFlags: 0
  m_CorrespondingSourceObject: {fileID: 0}
  m_PrefabInstance: {fileID: 0}
  m_PrefabAsset: {fileID: 0}
  m_GameObject: {fileID: 12251754}
  m_LocalRotation: {x: 0, y: 0, z: 0, w: 1}
  m_LocalPosition: {x: 0, y: 0, z: 0}
  m_LocalScale: {x: 1, y: 1, z: 1}
  m_Children: []
  m_Father: {fileID: 0}
  m_RootOrder: 9
  m_LocalEulerAnglesHint: {x: 0, y: 0, z: 0}
--- !u!1001 &18291651
PrefabInstance:
  m_ObjectHideFlags: 0
  serializedVersion: 2
  m_Modification:
    m_TransformParent: {fileID: 0}
    m_Modifications:
    - target: {fileID: 4786199647612645992, guid: 7de73862728c3d241bda276d0f06045f,
        type: 3}
      propertyPath: m_Name
      value: Receiver (1)
      objectReference: {fileID: 0}
    - target: {fileID: 291599415373623889, guid: 7de73862728c3d241bda276d0f06045f,
        type: 3}
      propertyPath: m_LocalPosition.x
      value: 6.63
      objectReference: {fileID: 0}
    - target: {fileID: 291599415373623889, guid: 7de73862728c3d241bda276d0f06045f,
        type: 3}
      propertyPath: m_LocalPosition.y
      value: 0.5
      objectReference: {fileID: 0}
    - target: {fileID: 291599415373623889, guid: 7de73862728c3d241bda276d0f06045f,
        type: 3}
      propertyPath: m_LocalPosition.z
      value: -14.62
      objectReference: {fileID: 0}
    - target: {fileID: 291599415373623889, guid: 7de73862728c3d241bda276d0f06045f,
        type: 3}
      propertyPath: m_LocalRotation.x
      value: -0
      objectReference: {fileID: 0}
    - target: {fileID: 291599415373623889, guid: 7de73862728c3d241bda276d0f06045f,
        type: 3}
      propertyPath: m_LocalRotation.y
      value: -0
      objectReference: {fileID: 0}
    - target: {fileID: 291599415373623889, guid: 7de73862728c3d241bda276d0f06045f,
        type: 3}
      propertyPath: m_LocalRotation.z
      value: -0
      objectReference: {fileID: 0}
    - target: {fileID: 291599415373623889, guid: 7de73862728c3d241bda276d0f06045f,
        type: 3}
      propertyPath: m_LocalRotation.w
      value: 1
      objectReference: {fileID: 0}
    - target: {fileID: 291599415373623889, guid: 7de73862728c3d241bda276d0f06045f,
        type: 3}
      propertyPath: m_RootOrder
      value: 12
      objectReference: {fileID: 0}
    - target: {fileID: 291599415373623889, guid: 7de73862728c3d241bda276d0f06045f,
        type: 3}
      propertyPath: m_LocalEulerAnglesHint.x
      value: 0
      objectReference: {fileID: 0}
    - target: {fileID: 291599415373623889, guid: 7de73862728c3d241bda276d0f06045f,
        type: 3}
      propertyPath: m_LocalEulerAnglesHint.y
      value: 0
      objectReference: {fileID: 0}
    - target: {fileID: 291599415373623889, guid: 7de73862728c3d241bda276d0f06045f,
        type: 3}
      propertyPath: m_LocalEulerAnglesHint.z
      value: 0
      objectReference: {fileID: 0}
    - target: {fileID: 2017877855358847554, guid: 7de73862728c3d241bda276d0f06045f,
        type: 3}
      propertyPath: m_IsActive
      value: 1
      objectReference: {fileID: 0}
    m_RemovedComponents: []
  m_SourcePrefab: {fileID: 100100000, guid: 7de73862728c3d241bda276d0f06045f, type: 3}
--- !u!1 &170171480
GameObject:
  m_ObjectHideFlags: 0
  m_CorrespondingSourceObject: {fileID: 1236741982080262, guid: b99944bf0f66a4643ac9a98799610529,
    type: 2}
  m_PrefabInstance: {fileID: 0}
  m_PrefabAsset: {fileID: 0}
  serializedVersion: 6
  m_Component:
  - component: {fileID: 170171481}
  m_Layer: 0
  m_Name: Reflection Probes
  m_TagString: Untagged
  m_Icon: {fileID: 0}
  m_NavMeshLayer: 0
  m_StaticEditorFlags: 0
  m_IsActive: 1
--- !u!4 &170171481
Transform:
  m_ObjectHideFlags: 0
  m_CorrespondingSourceObject: {fileID: 4520442204395672, guid: b99944bf0f66a4643ac9a98799610529,
    type: 2}
  m_PrefabInstance: {fileID: 0}
  m_PrefabAsset: {fileID: 0}
  m_GameObject: {fileID: 170171480}
  m_LocalRotation: {x: -0, y: -0, z: -0, w: 1}
  m_LocalPosition: {x: 0, y: 0, z: 0}
  m_LocalScale: {x: 1, y: 1, z: 1}
  m_Children:
  - {fileID: 1904166339}
  - {fileID: 202063127}
  - {fileID: 1145444334}
  m_Father: {fileID: 665423900}
  m_RootOrder: 2
  m_LocalEulerAnglesHint: {x: 0, y: 90, z: 0}
--- !u!1 &202063126
GameObject:
  m_ObjectHideFlags: 0
  m_CorrespondingSourceObject: {fileID: 1357851256217384, guid: b99944bf0f66a4643ac9a98799610529,
    type: 2}
  m_PrefabInstance: {fileID: 0}
  m_PrefabAsset: {fileID: 0}
  serializedVersion: 6
  m_Component:
  - component: {fileID: 202063127}
  - component: {fileID: 202063128}
  m_Layer: 0
  m_Name: Reflection Probe Behind Wall
  m_TagString: Untagged
  m_Icon: {fileID: 0}
  m_NavMeshLayer: 0
  m_StaticEditorFlags: 0
  m_IsActive: 1
--- !u!4 &202063127
Transform:
  m_ObjectHideFlags: 0
  m_CorrespondingSourceObject: {fileID: 4747382904500044, guid: b99944bf0f66a4643ac9a98799610529,
    type: 2}
  m_PrefabInstance: {fileID: 0}
  m_PrefabAsset: {fileID: 0}
  m_GameObject: {fileID: 202063126}
  m_LocalRotation: {x: -0, y: -0, z: -0, w: 1}
  m_LocalPosition: {x: 2.48, y: 1.49, z: 2.38}
  m_LocalScale: {x: 1, y: 1, z: 1}
  m_Children: []
  m_Father: {fileID: 170171481}
  m_RootOrder: 1
  m_LocalEulerAnglesHint: {x: 0, y: 0, z: 0}
--- !u!215 &202063128
ReflectionProbe:
  m_ObjectHideFlags: 0
  m_CorrespondingSourceObject: {fileID: 215733808325173316, guid: b99944bf0f66a4643ac9a98799610529,
    type: 2}
  m_PrefabInstance: {fileID: 0}
  m_PrefabAsset: {fileID: 0}
  m_GameObject: {fileID: 202063126}
  m_Enabled: 1
  serializedVersion: 2
  m_Type: 0
  m_Mode: 0
  m_RefreshMode: 0
  m_TimeSlicingMode: 0
  m_Resolution: 32
  m_UpdateFrequency: 0
  m_BoxSize: {x: 4.948274, y: 2.5, z: 1.25}
  m_BoxOffset: {x: -1.1908615, y: -0.3228073, z: -0.028196633}
  m_NearClip: 0.3
  m_FarClip: 1000
  m_ShadowDistance: 100
  m_ClearFlags: 1
  m_BackGroundColor: {r: 0.19215687, g: 0.3019608, b: 0.4745098, a: 0}
  m_CullingMask:
    serializedVersion: 2
    m_Bits: 4294967295
  m_IntensityMultiplier: 1
  m_BlendDistance: 1
  m_HDR: 1
  m_BoxProjection: 1
  m_RenderDynamicObjects: 0
  m_UseOcclusionCulling: 1
  m_Importance: 1
  m_CustomBakedTexture: {fileID: 0}
--- !u!1 &261349687 stripped
GameObject:
  m_CorrespondingSourceObject: {fileID: 4786199647612645992, guid: 7de73862728c3d241bda276d0f06045f,
    type: 3}
  m_PrefabInstance: {fileID: 18291651}
  m_PrefabAsset: {fileID: 0}
--- !u!114 &261349688
MonoBehaviour:
  m_ObjectHideFlags: 0
  m_CorrespondingSourceObject: {fileID: 0}
  m_PrefabInstance: {fileID: 0}
  m_PrefabAsset: {fileID: 0}
  m_GameObject: {fileID: 261349687}
  m_Enabled: 1
  m_EditorHideFlags: 0
  m_Script: {fileID: 11500000, guid: a9c14e387554eae43b6785512dbf9742, type: 3}
  m_Name: 
  m_EditorClassIdentifier: 
--- !u!1 &267508079 stripped
GameObject:
  m_CorrespondingSourceObject: {fileID: 4786199647612645992, guid: 7de73862728c3d241bda276d0f06045f,
    type: 3}
  m_PrefabInstance: {fileID: 1713963784}
  m_PrefabAsset: {fileID: 0}
--- !u!114 &267508080
MonoBehaviour:
  m_ObjectHideFlags: 0
  m_CorrespondingSourceObject: {fileID: 0}
  m_PrefabInstance: {fileID: 0}
  m_PrefabAsset: {fileID: 0}
  m_GameObject: {fileID: 267508079}
  m_Enabled: 1
  m_EditorHideFlags: 0
  m_Script: {fileID: 11500000, guid: a9c14e387554eae43b6785512dbf9742, type: 3}
  m_Name: 
  m_EditorClassIdentifier: 
--- !u!1001 &296138508
PrefabInstance:
  m_ObjectHideFlags: 0
  serializedVersion: 2
  m_Modification:
    m_TransformParent: {fileID: 665423900}
    m_Modifications:
    - target: {fileID: 4527368504392492, guid: a87f0180d46fd334b9025d0314a0dc70, type: 3}
      propertyPath: m_LocalPosition.x
      value: 0
      objectReference: {fileID: 0}
    - target: {fileID: 4527368504392492, guid: a87f0180d46fd334b9025d0314a0dc70, type: 3}
      propertyPath: m_LocalPosition.y
      value: 0
      objectReference: {fileID: 0}
    - target: {fileID: 4527368504392492, guid: a87f0180d46fd334b9025d0314a0dc70, type: 3}
      propertyPath: m_LocalPosition.z
      value: 0
      objectReference: {fileID: 0}
    - target: {fileID: 4527368504392492, guid: a87f0180d46fd334b9025d0314a0dc70, type: 3}
      propertyPath: m_LocalRotation.x
      value: 0
      objectReference: {fileID: 0}
    - target: {fileID: 4527368504392492, guid: a87f0180d46fd334b9025d0314a0dc70, type: 3}
      propertyPath: m_LocalRotation.y
      value: 0
      objectReference: {fileID: 0}
    - target: {fileID: 4527368504392492, guid: a87f0180d46fd334b9025d0314a0dc70, type: 3}
      propertyPath: m_LocalRotation.z
      value: 0
      objectReference: {fileID: 0}
    - target: {fileID: 4527368504392492, guid: a87f0180d46fd334b9025d0314a0dc70, type: 3}
      propertyPath: m_LocalRotation.w
      value: 1
      objectReference: {fileID: 0}
    - target: {fileID: 4527368504392492, guid: a87f0180d46fd334b9025d0314a0dc70, type: 3}
      propertyPath: m_RootOrder
      value: 0
      objectReference: {fileID: 0}
    - target: {fileID: 4395200634295792, guid: a87f0180d46fd334b9025d0314a0dc70, type: 3}
      propertyPath: m_LocalScale.x
      value: 10
      objectReference: {fileID: 0}
    - target: {fileID: 4395200634295792, guid: a87f0180d46fd334b9025d0314a0dc70, type: 3}
      propertyPath: m_LocalScale.z
      value: 10
      objectReference: {fileID: 0}
    - target: {fileID: 1986291140878450, guid: a87f0180d46fd334b9025d0314a0dc70, type: 3}
      propertyPath: m_TagString
      value: Untagged
      objectReference: {fileID: 0}
    - target: {fileID: 1986291140878450, guid: a87f0180d46fd334b9025d0314a0dc70, type: 3}
      propertyPath: m_Layer
      value: 9
      objectReference: {fileID: 0}
    m_RemovedComponents: []
  m_SourcePrefab: {fileID: 100100000, guid: a87f0180d46fd334b9025d0314a0dc70, type: 3}
--- !u!4 &296138509 stripped
Transform:
  m_CorrespondingSourceObject: {fileID: 4527368504392492, guid: a87f0180d46fd334b9025d0314a0dc70,
    type: 3}
  m_PrefabInstance: {fileID: 296138508}
  m_PrefabAsset: {fileID: 0}
--- !u!1 &360795350 stripped
GameObject:
  m_CorrespondingSourceObject: {fileID: 4786199647612645992, guid: 7de73862728c3d241bda276d0f06045f,
    type: 3}
  m_PrefabInstance: {fileID: 1465496286}
  m_PrefabAsset: {fileID: 0}
--- !u!114 &360795351
MonoBehaviour:
  m_ObjectHideFlags: 0
  m_CorrespondingSourceObject: {fileID: 0}
  m_PrefabInstance: {fileID: 0}
  m_PrefabAsset: {fileID: 0}
  m_GameObject: {fileID: 360795350}
  m_Enabled: 0
  m_EditorHideFlags: 0
  m_Script: {fileID: 11500000, guid: 31bea45828e2bfe4c9a92f1cefb7e630, type: 3}
  m_Name: 
  m_EditorClassIdentifier: 
  magneticForce: -1
  ignoreMass: 1
--- !u!1 &371727060
GameObject:
  m_ObjectHideFlags: 0
  m_CorrespondingSourceObject: {fileID: 0}
  m_PrefabInstance: {fileID: 0}
  m_PrefabAsset: {fileID: 0}
  serializedVersion: 6
  m_Component:
  - component: {fileID: 371727062}
  - component: {fileID: 371727061}
  m_Layer: 0
  m_Name: Managers
  m_TagString: Untagged
  m_Icon: {fileID: 0}
  m_NavMeshLayer: 0
  m_StaticEditorFlags: 0
  m_IsActive: 1
--- !u!114 &371727061
MonoBehaviour:
  m_ObjectHideFlags: 0
  m_CorrespondingSourceObject: {fileID: 0}
  m_PrefabInstance: {fileID: 0}
  m_PrefabAsset: {fileID: 0}
  m_GameObject: {fileID: 371727060}
  m_Enabled: 1
  m_EditorHideFlags: 0
  m_Script: {fileID: 11500000, guid: b0e4b2d903c53c64bb724a03b5d2a67e, type: 3}
  m_Name: 
  m_EditorClassIdentifier: 
--- !u!4 &371727062
Transform:
  m_ObjectHideFlags: 0
  m_CorrespondingSourceObject: {fileID: 0}
  m_PrefabInstance: {fileID: 0}
  m_PrefabAsset: {fileID: 0}
  m_GameObject: {fileID: 371727060}
  m_LocalRotation: {x: 0, y: 0, z: 0, w: 1}
  m_LocalPosition: {x: 0.1746377, y: 0.8059518, z: 2.6572266}
  m_LocalScale: {x: 1, y: 1, z: 1}
  m_Children: []
  m_Father: {fileID: 0}
  m_RootOrder: 4
  m_LocalEulerAnglesHint: {x: 0, y: 0, z: 0}
--- !u!1 &463959534 stripped
GameObject:
  m_CorrespondingSourceObject: {fileID: 4316563426680418608, guid: e5b8930150a9f644ab753f5cca3eb197,
    type: 3}
  m_PrefabInstance: {fileID: 860696853}
  m_PrefabAsset: {fileID: 0}
--- !u!114 &463959536
MonoBehaviour:
  m_ObjectHideFlags: 0
  m_CorrespondingSourceObject: {fileID: 0}
  m_PrefabInstance: {fileID: 0}
  m_PrefabAsset: {fileID: 0}
  m_GameObject: {fileID: 463959534}
  m_Enabled: 1
  m_EditorHideFlags: 0
  m_Script: {fileID: 11500000, guid: 11118c3d7f970b2438d10db2ca3fd1a1, type: 3}
  m_Name: 
  m_EditorClassIdentifier: 
  actionObjects:
  - {fileID: 1101241336}
--- !u!1 &476218334
GameObject:
  m_ObjectHideFlags: 0
  m_CorrespondingSourceObject: {fileID: 0}
  m_PrefabInstance: {fileID: 0}
  m_PrefabAsset: {fileID: 0}
  serializedVersion: 6
  m_Component:
  - component: {fileID: 476218339}
  - component: {fileID: 476218338}
  - component: {fileID: 476218337}
  - component: {fileID: 476218336}
  - component: {fileID: 476218335}
  - component: {fileID: 476218340}
  m_Layer: 0
  m_Name: Cube
  m_TagString: Untagged
  m_Icon: {fileID: 0}
  m_NavMeshLayer: 0
  m_StaticEditorFlags: 0
  m_IsActive: 1
--- !u!114 &476218335
MonoBehaviour:
  m_ObjectHideFlags: 0
  m_CorrespondingSourceObject: {fileID: 0}
  m_PrefabInstance: {fileID: 0}
  m_PrefabAsset: {fileID: 0}
  m_GameObject: {fileID: 476218334}
  m_Enabled: 1
  m_EditorHideFlags: 0
  m_Script: {fileID: 11500000, guid: 21f91bd190583154aa42eb79306c3fdd, type: 3}
  m_Name: 
  m_EditorClassIdentifier: 
--- !u!65 &476218336
BoxCollider:
  m_ObjectHideFlags: 0
  m_CorrespondingSourceObject: {fileID: 0}
  m_PrefabInstance: {fileID: 0}
  m_PrefabAsset: {fileID: 0}
  m_GameObject: {fileID: 476218334}
  m_Material: {fileID: 0}
  m_IsTrigger: 0
  m_Enabled: 1
  serializedVersion: 2
  m_Size: {x: 1, y: 1, z: 1}
  m_Center: {x: 0, y: 0, z: 0}
--- !u!23 &476218337
MeshRenderer:
  m_ObjectHideFlags: 0
  m_CorrespondingSourceObject: {fileID: 0}
  m_PrefabInstance: {fileID: 0}
  m_PrefabAsset: {fileID: 0}
  m_GameObject: {fileID: 476218334}
  m_Enabled: 1
  m_CastShadows: 1
  m_ReceiveShadows: 1
  m_DynamicOccludee: 1
  m_MotionVectors: 1
  m_LightProbeUsage: 1
  m_ReflectionProbeUsage: 1
  m_RenderingLayerMask: 1
  m_RendererPriority: 0
  m_Materials:
  - {fileID: 2100000, guid: 31321ba15b8f8eb4c954353edc038b1d, type: 2}
  m_StaticBatchInfo:
    firstSubMesh: 0
    subMeshCount: 0
  m_StaticBatchRoot: {fileID: 0}
  m_ProbeAnchor: {fileID: 0}
  m_LightProbeVolumeOverride: {fileID: 0}
  m_ScaleInLightmap: 1
  m_ReceiveGI: 1
  m_PreserveUVs: 0
  m_IgnoreNormalsForChartDetection: 0
  m_ImportantGI: 0
  m_StitchLightmapSeams: 1
  m_SelectedEditorRenderState: 3
  m_MinimumChartSize: 4
  m_AutoUVMaxDistance: 0.5
  m_AutoUVMaxAngle: 89
  m_LightmapParameters: {fileID: 0}
  m_SortingLayerID: 0
  m_SortingLayer: 0
  m_SortingOrder: 0
--- !u!33 &476218338
MeshFilter:
  m_ObjectHideFlags: 0
  m_CorrespondingSourceObject: {fileID: 0}
  m_PrefabInstance: {fileID: 0}
  m_PrefabAsset: {fileID: 0}
  m_GameObject: {fileID: 476218334}
  m_Mesh: {fileID: 10202, guid: 0000000000000000e000000000000000, type: 0}
--- !u!4 &476218339
Transform:
  m_ObjectHideFlags: 0
  m_CorrespondingSourceObject: {fileID: 0}
  m_PrefabInstance: {fileID: 0}
  m_PrefabAsset: {fileID: 0}
  m_GameObject: {fileID: 476218334}
  m_LocalRotation: {x: 0, y: 0, z: 0, w: 1}
  m_LocalPosition: {x: 1.4690001, y: 1.59, z: -8.66}
  m_LocalScale: {x: 1, y: 1, z: 1}
  m_Children: []
  m_Father: {fileID: 0}
  m_RootOrder: 10
  m_LocalEulerAnglesHint: {x: 0, y: 0, z: 0}
--- !u!54 &476218340
Rigidbody:
  m_ObjectHideFlags: 0
  m_CorrespondingSourceObject: {fileID: 0}
  m_PrefabInstance: {fileID: 0}
  m_PrefabAsset: {fileID: 0}
  m_GameObject: {fileID: 476218334}
  serializedVersion: 2
  m_Mass: 1
  m_Drag: 0
  m_AngularDrag: 0.05
  m_UseGravity: 1
  m_IsKinematic: 0
  m_Interpolate: 0
  m_Constraints: 0
  m_CollisionDetection: 0
--- !u!1 &494725583
GameObject:
  m_ObjectHideFlags: 0
  m_CorrespondingSourceObject: {fileID: 0}
  m_PrefabInstance: {fileID: 0}
  m_PrefabAsset: {fileID: 0}
  serializedVersion: 6
  m_Component:
  - component: {fileID: 494725589}
  - component: {fileID: 494725588}
  - component: {fileID: 494725587}
  - component: {fileID: 494725586}
  - component: {fileID: 494725585}
  - component: {fileID: 494725584}
  m_Layer: 0
  m_Name: Cube (2)
  m_TagString: Untagged
  m_Icon: {fileID: 0}
  m_NavMeshLayer: 0
  m_StaticEditorFlags: 0
  m_IsActive: 1
--- !u!54 &494725584
Rigidbody:
  m_ObjectHideFlags: 0
  m_CorrespondingSourceObject: {fileID: 0}
  m_PrefabInstance: {fileID: 0}
  m_PrefabAsset: {fileID: 0}
  m_GameObject: {fileID: 494725583}
  serializedVersion: 2
  m_Mass: 1
  m_Drag: 0
  m_AngularDrag: 0.05
  m_UseGravity: 1
  m_IsKinematic: 0
  m_Interpolate: 0
  m_Constraints: 0
  m_CollisionDetection: 0
--- !u!114 &494725585
MonoBehaviour:
  m_ObjectHideFlags: 0
  m_CorrespondingSourceObject: {fileID: 0}
  m_PrefabInstance: {fileID: 0}
  m_PrefabAsset: {fileID: 0}
  m_GameObject: {fileID: 494725583}
  m_Enabled: 1
  m_EditorHideFlags: 0
  m_Script: {fileID: 11500000, guid: 21f91bd190583154aa42eb79306c3fdd, type: 3}
  m_Name: 
  m_EditorClassIdentifier: 
--- !u!65 &494725586
BoxCollider:
  m_ObjectHideFlags: 0
  m_CorrespondingSourceObject: {fileID: 0}
  m_PrefabInstance: {fileID: 0}
  m_PrefabAsset: {fileID: 0}
  m_GameObject: {fileID: 494725583}
  m_Material: {fileID: 0}
  m_IsTrigger: 0
  m_Enabled: 1
  serializedVersion: 2
  m_Size: {x: 1, y: 1, z: 1}
  m_Center: {x: 0, y: 0, z: 0}
--- !u!23 &494725587
MeshRenderer:
  m_ObjectHideFlags: 0
  m_CorrespondingSourceObject: {fileID: 0}
  m_PrefabInstance: {fileID: 0}
  m_PrefabAsset: {fileID: 0}
  m_GameObject: {fileID: 494725583}
  m_Enabled: 1
  m_CastShadows: 1
  m_ReceiveShadows: 1
  m_DynamicOccludee: 1
  m_MotionVectors: 1
  m_LightProbeUsage: 1
  m_ReflectionProbeUsage: 1
  m_RenderingLayerMask: 1
  m_RendererPriority: 0
  m_Materials:
  - {fileID: 2100000, guid: 31321ba15b8f8eb4c954353edc038b1d, type: 2}
  m_StaticBatchInfo:
    firstSubMesh: 0
    subMeshCount: 0
  m_StaticBatchRoot: {fileID: 0}
  m_ProbeAnchor: {fileID: 0}
  m_LightProbeVolumeOverride: {fileID: 0}
  m_ScaleInLightmap: 1
  m_ReceiveGI: 1
  m_PreserveUVs: 0
  m_IgnoreNormalsForChartDetection: 0
  m_ImportantGI: 0
  m_StitchLightmapSeams: 1
  m_SelectedEditorRenderState: 3
  m_MinimumChartSize: 4
  m_AutoUVMaxDistance: 0.5
  m_AutoUVMaxAngle: 89
  m_LightmapParameters: {fileID: 0}
  m_SortingLayerID: 0
  m_SortingLayer: 0
  m_SortingOrder: 0
--- !u!33 &494725588
MeshFilter:
  m_ObjectHideFlags: 0
  m_CorrespondingSourceObject: {fileID: 0}
  m_PrefabInstance: {fileID: 0}
  m_PrefabAsset: {fileID: 0}
  m_GameObject: {fileID: 494725583}
  m_Mesh: {fileID: 10202, guid: 0000000000000000e000000000000000, type: 0}
--- !u!4 &494725589
Transform:
  m_ObjectHideFlags: 0
  m_CorrespondingSourceObject: {fileID: 0}
  m_PrefabInstance: {fileID: 0}
  m_PrefabAsset: {fileID: 0}
  m_GameObject: {fileID: 494725583}
  m_LocalRotation: {x: 0, y: 0, z: 0, w: 1}
  m_LocalPosition: {x: -3.58, y: 1.59, z: -8.66}
  m_LocalScale: {x: 1, y: 1, z: 1}
  m_Children: []
  m_Father: {fileID: 0}
  m_RootOrder: 15
  m_LocalEulerAnglesHint: {x: 0, y: 0, z: 0}
--- !u!1 &499555134
GameObject:
  m_ObjectHideFlags: 0
  m_CorrespondingSourceObject: {fileID: 0}
  m_PrefabInstance: {fileID: 0}
  m_PrefabAsset: {fileID: 0}
  serializedVersion: 6
  m_Component:
  - component: {fileID: 499555140}
  - component: {fileID: 499555139}
  - component: {fileID: 499555138}
  - component: {fileID: 499555137}
  - component: {fileID: 499555136}
  - component: {fileID: 499555135}
  m_Layer: 0
  m_Name: Sphere (2)
  m_TagString: Untagged
  m_Icon: {fileID: 0}
  m_NavMeshLayer: 0
  m_StaticEditorFlags: 0
  m_IsActive: 1
--- !u!114 &499555135
MonoBehaviour:
  m_ObjectHideFlags: 0
  m_CorrespondingSourceObject: {fileID: 0}
  m_PrefabInstance: {fileID: 0}
  m_PrefabAsset: {fileID: 0}
  m_GameObject: {fileID: 499555134}
  m_Enabled: 1
  m_EditorHideFlags: 0
  m_Script: {fileID: 11500000, guid: 21f91bd190583154aa42eb79306c3fdd, type: 3}
  m_Name: 
  m_EditorClassIdentifier: 
--- !u!54 &499555136
Rigidbody:
  m_ObjectHideFlags: 0
  m_CorrespondingSourceObject: {fileID: 0}
  m_PrefabInstance: {fileID: 0}
  m_PrefabAsset: {fileID: 0}
  m_GameObject: {fileID: 499555134}
  serializedVersion: 2
  m_Mass: 1
  m_Drag: 0
  m_AngularDrag: 0
  m_UseGravity: 1
  m_IsKinematic: 0
  m_Interpolate: 0
  m_Constraints: 112
  m_CollisionDetection: 0
--- !u!135 &499555137
SphereCollider:
  m_ObjectHideFlags: 0
  m_CorrespondingSourceObject: {fileID: 0}
  m_PrefabInstance: {fileID: 0}
  m_PrefabAsset: {fileID: 0}
  m_GameObject: {fileID: 499555134}
  m_Material: {fileID: 0}
  m_IsTrigger: 0
  m_Enabled: 1
  serializedVersion: 2
  m_Radius: 0.5
  m_Center: {x: 0, y: 0, z: 0}
--- !u!23 &499555138
MeshRenderer:
  m_ObjectHideFlags: 0
  m_CorrespondingSourceObject: {fileID: 0}
  m_PrefabInstance: {fileID: 0}
  m_PrefabAsset: {fileID: 0}
  m_GameObject: {fileID: 499555134}
  m_Enabled: 1
  m_CastShadows: 1
  m_ReceiveShadows: 1
  m_DynamicOccludee: 1
  m_MotionVectors: 1
  m_LightProbeUsage: 1
  m_ReflectionProbeUsage: 1
  m_RenderingLayerMask: 1
  m_RendererPriority: 0
  m_Materials:
  - {fileID: 2100000, guid: 31321ba15b8f8eb4c954353edc038b1d, type: 2}
  m_StaticBatchInfo:
    firstSubMesh: 0
    subMeshCount: 0
  m_StaticBatchRoot: {fileID: 0}
  m_ProbeAnchor: {fileID: 0}
  m_LightProbeVolumeOverride: {fileID: 0}
  m_ScaleInLightmap: 1
  m_ReceiveGI: 1
  m_PreserveUVs: 0
  m_IgnoreNormalsForChartDetection: 0
  m_ImportantGI: 0
  m_StitchLightmapSeams: 1
  m_SelectedEditorRenderState: 3
  m_MinimumChartSize: 4
  m_AutoUVMaxDistance: 0.5
  m_AutoUVMaxAngle: 89
  m_LightmapParameters: {fileID: 0}
  m_SortingLayerID: 0
  m_SortingLayer: 0
  m_SortingOrder: 0
--- !u!33 &499555139
MeshFilter:
  m_ObjectHideFlags: 0
  m_CorrespondingSourceObject: {fileID: 0}
  m_PrefabInstance: {fileID: 0}
  m_PrefabAsset: {fileID: 0}
  m_GameObject: {fileID: 499555134}
  m_Mesh: {fileID: 10207, guid: 0000000000000000e000000000000000, type: 0}
--- !u!4 &499555140
Transform:
  m_ObjectHideFlags: 0
  m_CorrespondingSourceObject: {fileID: 0}
  m_PrefabInstance: {fileID: 0}
  m_PrefabAsset: {fileID: 0}
  m_GameObject: {fileID: 499555134}
  m_LocalRotation: {x: 0, y: 0, z: 0, w: 1}
  m_LocalPosition: {x: 9.69, y: 1.1, z: 1.46}
  m_LocalScale: {x: 1, y: 1, z: 1}
  m_Children: []
  m_Father: {fileID: 0}
  m_RootOrder: 19
  m_LocalEulerAnglesHint: {x: 0, y: 0, z: 0}
--- !u!1 &653260035
GameObject:
  m_ObjectHideFlags: 0
  m_CorrespondingSourceObject: {fileID: 0}
  m_PrefabInstance: {fileID: 0}
  m_PrefabAsset: {fileID: 0}
  serializedVersion: 6
  m_Component:
  - component: {fileID: 653260038}
  - component: {fileID: 653260036}
  m_Layer: 8
  m_Name: Post-process Volume
  m_TagString: Untagged
  m_Icon: {fileID: 0}
  m_NavMeshLayer: 0
  m_StaticEditorFlags: 0
  m_IsActive: 1
--- !u!114 &653260036
MonoBehaviour:
  m_ObjectHideFlags: 0
  m_CorrespondingSourceObject: {fileID: 0}
  m_PrefabInstance: {fileID: 0}
  m_PrefabAsset: {fileID: 0}
  m_GameObject: {fileID: 653260035}
  m_Enabled: 1
  m_EditorHideFlags: 0
  m_Script: {fileID: 11500000, guid: 8b9a305e18de0c04dbd257a21cd47087, type: 3}
  m_Name: 
  m_EditorClassIdentifier: 
  sharedProfile: {fileID: 11400000, guid: 680922c45b9bfe14085ea8a49e7d23dd, type: 2}
  isGlobal: 1
  blendDistance: 0
  weight: 1
  priority: 0
--- !u!4 &653260038
Transform:
  m_ObjectHideFlags: 0
  m_CorrespondingSourceObject: {fileID: 0}
  m_PrefabInstance: {fileID: 0}
  m_PrefabAsset: {fileID: 0}
  m_GameObject: {fileID: 653260035}
  m_LocalRotation: {x: -0, y: -0, z: -0, w: 1}
  m_LocalPosition: {x: 0, y: 0, z: 0}
  m_LocalScale: {x: 1, y: 1, z: 1}
  m_Children: []
  m_Father: {fileID: 0}
  m_RootOrder: 1
  m_LocalEulerAnglesHint: {x: 0, y: 0, z: 0}
--- !u!1 &665423899
GameObject:
  m_ObjectHideFlags: 0
  m_CorrespondingSourceObject: {fileID: 0}
  m_PrefabInstance: {fileID: 0}
  m_PrefabAsset: {fileID: 0}
  serializedVersion: 6
  m_Component:
  - component: {fileID: 665423900}
  m_Layer: 0
  m_Name: Example Assets
  m_TagString: Untagged
  m_Icon: {fileID: 0}
  m_NavMeshLayer: 0
  m_StaticEditorFlags: 4294967295
  m_IsActive: 1
--- !u!4 &665423900
Transform:
  m_ObjectHideFlags: 0
  m_CorrespondingSourceObject: {fileID: 0}
  m_PrefabInstance: {fileID: 0}
  m_PrefabAsset: {fileID: 0}
  m_GameObject: {fileID: 665423899}
  m_LocalRotation: {x: 0, y: 0.7071068, z: 0, w: 0.7071068}
  m_LocalPosition: {x: 0, y: 0, z: 0}
  m_LocalScale: {x: 1, y: 1, z: 1}
  m_Children:
  - {fileID: 296138509}
  - {fileID: 1278355951}
  - {fileID: 170171481}
  - {fileID: 1458322689}
  m_Father: {fileID: 0}
  m_RootOrder: 2
  m_LocalEulerAnglesHint: {x: 0, y: 90, z: 0}
--- !u!1 &726481976
GameObject:
  m_ObjectHideFlags: 0
  m_CorrespondingSourceObject: {fileID: 0}
  m_PrefabInstance: {fileID: 0}
  m_PrefabAsset: {fileID: 0}
  serializedVersion: 6
  m_Component:
  - component: {fileID: 726481982}
  - component: {fileID: 726481981}
  - component: {fileID: 726481980}
  - component: {fileID: 726481979}
  - component: {fileID: 726481978}
  - component: {fileID: 726481977}
  m_Layer: 0
  m_Name: Sphere
  m_TagString: Untagged
  m_Icon: {fileID: 0}
  m_NavMeshLayer: 0
  m_StaticEditorFlags: 0
  m_IsActive: 1
--- !u!114 &726481977
MonoBehaviour:
  m_ObjectHideFlags: 0
  m_CorrespondingSourceObject: {fileID: 0}
  m_PrefabInstance: {fileID: 0}
  m_PrefabAsset: {fileID: 0}
  m_GameObject: {fileID: 726481976}
  m_Enabled: 1
  m_EditorHideFlags: 0
  m_Script: {fileID: 11500000, guid: 21f91bd190583154aa42eb79306c3fdd, type: 3}
  m_Name: 
  m_EditorClassIdentifier: 
--- !u!54 &726481978
Rigidbody:
  m_ObjectHideFlags: 0
  m_CorrespondingSourceObject: {fileID: 0}
  m_PrefabInstance: {fileID: 0}
  m_PrefabAsset: {fileID: 0}
  m_GameObject: {fileID: 726481976}
  serializedVersion: 2
  m_Mass: 1
  m_Drag: 0
  m_AngularDrag: 0
  m_UseGravity: 1
  m_IsKinematic: 0
  m_Interpolate: 0
  m_Constraints: 112
  m_CollisionDetection: 0
--- !u!135 &726481979
SphereCollider:
  m_ObjectHideFlags: 0
  m_CorrespondingSourceObject: {fileID: 0}
  m_PrefabInstance: {fileID: 0}
  m_PrefabAsset: {fileID: 0}
  m_GameObject: {fileID: 726481976}
  m_Material: {fileID: 0}
  m_IsTrigger: 0
  m_Enabled: 1
  serializedVersion: 2
  m_Radius: 0.5
  m_Center: {x: 0, y: 0, z: 0}
--- !u!23 &726481980
MeshRenderer:
  m_ObjectHideFlags: 0
  m_CorrespondingSourceObject: {fileID: 0}
  m_PrefabInstance: {fileID: 0}
  m_PrefabAsset: {fileID: 0}
  m_GameObject: {fileID: 726481976}
  m_Enabled: 1
  m_CastShadows: 1
  m_ReceiveShadows: 1
  m_DynamicOccludee: 1
  m_MotionVectors: 1
  m_LightProbeUsage: 1
  m_ReflectionProbeUsage: 1
  m_RenderingLayerMask: 1
  m_RendererPriority: 0
  m_Materials:
  - {fileID: 2100000, guid: 31321ba15b8f8eb4c954353edc038b1d, type: 2}
  m_StaticBatchInfo:
    firstSubMesh: 0
    subMeshCount: 0
  m_StaticBatchRoot: {fileID: 0}
  m_ProbeAnchor: {fileID: 0}
  m_LightProbeVolumeOverride: {fileID: 0}
  m_ScaleInLightmap: 1
  m_ReceiveGI: 1
  m_PreserveUVs: 0
  m_IgnoreNormalsForChartDetection: 0
  m_ImportantGI: 0
  m_StitchLightmapSeams: 1
  m_SelectedEditorRenderState: 3
  m_MinimumChartSize: 4
  m_AutoUVMaxDistance: 0.5
  m_AutoUVMaxAngle: 89
  m_LightmapParameters: {fileID: 0}
  m_SortingLayerID: 0
  m_SortingLayer: 0
  m_SortingOrder: 0
--- !u!33 &726481981
MeshFilter:
  m_ObjectHideFlags: 0
  m_CorrespondingSourceObject: {fileID: 0}
  m_PrefabInstance: {fileID: 0}
  m_PrefabAsset: {fileID: 0}
  m_GameObject: {fileID: 726481976}
  m_Mesh: {fileID: 10207, guid: 0000000000000000e000000000000000, type: 0}
--- !u!4 &726481982
Transform:
  m_ObjectHideFlags: 0
  m_CorrespondingSourceObject: {fileID: 0}
  m_PrefabInstance: {fileID: 0}
  m_PrefabAsset: {fileID: 0}
  m_GameObject: {fileID: 726481976}
  m_LocalRotation: {x: 0, y: 0, z: 0, w: 1}
  m_LocalPosition: {x: 4.43, y: 1.1, z: -7.06}
  m_LocalScale: {x: 1, y: 1, z: 1}
  m_Children: []
  m_Father: {fileID: 0}
  m_RootOrder: 17
  m_LocalEulerAnglesHint: {x: 0, y: 0, z: 0}
--- !u!1 &747097004
GameObject:
  m_ObjectHideFlags: 0
  m_CorrespondingSourceObject: {fileID: 0}
  m_PrefabInstance: {fileID: 0}
  m_PrefabAsset: {fileID: 0}
  serializedVersion: 6
  m_Component:
  - component: {fileID: 747097010}
  - component: {fileID: 747097009}
  - component: {fileID: 747097008}
  - component: {fileID: 747097007}
  - component: {fileID: 747097006}
  - component: {fileID: 747097005}
  m_Layer: 0
  m_Name: Sphere (3)
  m_TagString: Untagged
  m_Icon: {fileID: 0}
  m_NavMeshLayer: 0
  m_StaticEditorFlags: 0
  m_IsActive: 1
--- !u!114 &747097005
MonoBehaviour:
  m_ObjectHideFlags: 0
  m_CorrespondingSourceObject: {fileID: 0}
  m_PrefabInstance: {fileID: 0}
  m_PrefabAsset: {fileID: 0}
  m_GameObject: {fileID: 747097004}
  m_Enabled: 1
  m_EditorHideFlags: 0
  m_Script: {fileID: 11500000, guid: 21f91bd190583154aa42eb79306c3fdd, type: 3}
  m_Name: 
  m_EditorClassIdentifier: 
--- !u!54 &747097006
Rigidbody:
  m_ObjectHideFlags: 0
  m_CorrespondingSourceObject: {fileID: 0}
  m_PrefabInstance: {fileID: 0}
  m_PrefabAsset: {fileID: 0}
  m_GameObject: {fileID: 747097004}
  serializedVersion: 2
  m_Mass: 10
  m_Drag: 0
  m_AngularDrag: 0
  m_UseGravity: 1
  m_IsKinematic: 0
  m_Interpolate: 0
  m_Constraints: 112
  m_CollisionDetection: 0
--- !u!135 &747097007
SphereCollider:
  m_ObjectHideFlags: 0
  m_CorrespondingSourceObject: {fileID: 0}
  m_PrefabInstance: {fileID: 0}
  m_PrefabAsset: {fileID: 0}
  m_GameObject: {fileID: 747097004}
  m_Material: {fileID: 0}
  m_IsTrigger: 0
  m_Enabled: 1
  serializedVersion: 2
  m_Radius: 0.5
  m_Center: {x: 0, y: 0, z: 0}
--- !u!23 &747097008
MeshRenderer:
  m_ObjectHideFlags: 0
  m_CorrespondingSourceObject: {fileID: 0}
  m_PrefabInstance: {fileID: 0}
  m_PrefabAsset: {fileID: 0}
  m_GameObject: {fileID: 747097004}
  m_Enabled: 1
  m_CastShadows: 1
  m_ReceiveShadows: 1
  m_DynamicOccludee: 1
  m_MotionVectors: 1
  m_LightProbeUsage: 1
  m_ReflectionProbeUsage: 1
  m_RenderingLayerMask: 1
  m_RendererPriority: 0
  m_Materials:
  - {fileID: 2100000, guid: 31321ba15b8f8eb4c954353edc038b1d, type: 2}
  m_StaticBatchInfo:
    firstSubMesh: 0
    subMeshCount: 0
  m_StaticBatchRoot: {fileID: 0}
  m_ProbeAnchor: {fileID: 0}
  m_LightProbeVolumeOverride: {fileID: 0}
  m_ScaleInLightmap: 1
  m_ReceiveGI: 1
  m_PreserveUVs: 0
  m_IgnoreNormalsForChartDetection: 0
  m_ImportantGI: 0
  m_StitchLightmapSeams: 1
  m_SelectedEditorRenderState: 3
  m_MinimumChartSize: 4
  m_AutoUVMaxDistance: 0.5
  m_AutoUVMaxAngle: 89
  m_LightmapParameters: {fileID: 0}
  m_SortingLayerID: 0
  m_SortingLayer: 0
  m_SortingOrder: 0
--- !u!33 &747097009
MeshFilter:
  m_ObjectHideFlags: 0
  m_CorrespondingSourceObject: {fileID: 0}
  m_PrefabInstance: {fileID: 0}
  m_PrefabAsset: {fileID: 0}
  m_GameObject: {fileID: 747097004}
  m_Mesh: {fileID: 10207, guid: 0000000000000000e000000000000000, type: 0}
--- !u!4 &747097010
Transform:
  m_ObjectHideFlags: 0
  m_CorrespondingSourceObject: {fileID: 0}
  m_PrefabInstance: {fileID: 0}
  m_PrefabAsset: {fileID: 0}
  m_GameObject: {fileID: 747097004}
  m_LocalRotation: {x: 0, y: 0, z: 0, w: 1}
  m_LocalPosition: {x: 9.14, y: 1.1, z: -4.66}
  m_LocalScale: {x: 1, y: 1, z: 1}
  m_Children:
  - {fileID: 1863609794}
  m_Father: {fileID: 0}
  m_RootOrder: 20
  m_LocalEulerAnglesHint: {x: 0, y: 0, z: 0}
--- !u!1001 &860696853
PrefabInstance:
  m_ObjectHideFlags: 0
  serializedVersion: 2
  m_Modification:
    m_TransformParent: {fileID: 3671348103942340286}
    m_Modifications:
    - target: {fileID: 4316563426680418608, guid: e5b8930150a9f644ab753f5cca3eb197,
        type: 3}
      propertyPath: m_Name
      value: Button
      objectReference: {fileID: 0}
    - target: {fileID: 4131723191574478318, guid: e5b8930150a9f644ab753f5cca3eb197,
        type: 3}
      propertyPath: m_LocalPosition.x
      value: 0
      objectReference: {fileID: 0}
    - target: {fileID: 4131723191574478318, guid: e5b8930150a9f644ab753f5cca3eb197,
        type: 3}
      propertyPath: m_LocalPosition.y
      value: 0
      objectReference: {fileID: 0}
    - target: {fileID: 4131723191574478318, guid: e5b8930150a9f644ab753f5cca3eb197,
        type: 3}
      propertyPath: m_LocalPosition.z
      value: 0.92
      objectReference: {fileID: 0}
    - target: {fileID: 4131723191574478318, guid: e5b8930150a9f644ab753f5cca3eb197,
        type: 3}
      propertyPath: m_LocalRotation.x
      value: -0
      objectReference: {fileID: 0}
    - target: {fileID: 4131723191574478318, guid: e5b8930150a9f644ab753f5cca3eb197,
        type: 3}
      propertyPath: m_LocalRotation.y
      value: -0
      objectReference: {fileID: 0}
    - target: {fileID: 4131723191574478318, guid: e5b8930150a9f644ab753f5cca3eb197,
        type: 3}
      propertyPath: m_LocalRotation.z
      value: -0
      objectReference: {fileID: 0}
    - target: {fileID: 4131723191574478318, guid: e5b8930150a9f644ab753f5cca3eb197,
        type: 3}
      propertyPath: m_LocalRotation.w
      value: 1
      objectReference: {fileID: 0}
    - target: {fileID: 4131723191574478318, guid: e5b8930150a9f644ab753f5cca3eb197,
        type: 3}
      propertyPath: m_RootOrder
      value: 0
      objectReference: {fileID: 0}
    - target: {fileID: 4131723191574478318, guid: e5b8930150a9f644ab753f5cca3eb197,
        type: 3}
      propertyPath: m_LocalEulerAnglesHint.x
      value: 0
      objectReference: {fileID: 0}
    - target: {fileID: 4131723191574478318, guid: e5b8930150a9f644ab753f5cca3eb197,
        type: 3}
      propertyPath: m_LocalEulerAnglesHint.y
      value: 0
      objectReference: {fileID: 0}
    - target: {fileID: 4131723191574478318, guid: e5b8930150a9f644ab753f5cca3eb197,
        type: 3}
      propertyPath: m_LocalEulerAnglesHint.z
      value: 0
      objectReference: {fileID: 0}
    - target: {fileID: 4131723191574478318, guid: e5b8930150a9f644ab753f5cca3eb197,
        type: 3}
      propertyPath: m_LocalScale.x
      value: 0.2
      objectReference: {fileID: 0}
    - target: {fileID: 4131723191574478318, guid: e5b8930150a9f644ab753f5cca3eb197,
        type: 3}
      propertyPath: m_LocalScale.y
      value: 0.2
      objectReference: {fileID: 0}
    - target: {fileID: 4131723191574478318, guid: e5b8930150a9f644ab753f5cca3eb197,
        type: 3}
      propertyPath: m_LocalScale.z
      value: 1
      objectReference: {fileID: 0}
    m_RemovedComponents: []
  m_SourcePrefab: {fileID: 100100000, guid: e5b8930150a9f644ab753f5cca3eb197, type: 3}
--- !u!1 &915264251
GameObject:
  m_ObjectHideFlags: 0
  m_CorrespondingSourceObject: {fileID: 0}
  m_PrefabInstance: {fileID: 0}
  m_PrefabAsset: {fileID: 0}
  serializedVersion: 6
  m_Component:
  - component: {fileID: 915264252}
  m_Layer: 0
  m_Name: Object
  m_TagString: Untagged
  m_Icon: {fileID: 0}
  m_NavMeshLayer: 0
  m_StaticEditorFlags: 0
  m_IsActive: 1
--- !u!4 &915264252
Transform:
  m_ObjectHideFlags: 0
  m_CorrespondingSourceObject: {fileID: 0}
  m_PrefabInstance: {fileID: 0}
  m_PrefabAsset: {fileID: 0}
  m_GameObject: {fileID: 915264251}
  m_LocalRotation: {x: 0, y: -0.21643952, z: 0, w: 0.97629607}
  m_LocalPosition: {x: 0, y: 0, z: 10}
  m_LocalScale: {x: 1, y: 1, z: 1}
  m_Children: []
  m_Father: {fileID: 1097462478}
  m_RootOrder: 0
  m_LocalEulerAnglesHint: {x: 0, y: -25, z: 0}
--- !u!1 &1090367663
GameObject:
  m_ObjectHideFlags: 0
  m_CorrespondingSourceObject: {fileID: 0}
  m_PrefabInstance: {fileID: 0}
  m_PrefabAsset: {fileID: 0}
  serializedVersion: 6
  m_Component:
  - component: {fileID: 1090367664}
  - component: {fileID: 1090367666}
  - component: {fileID: 1090367665}
  m_Layer: 5
  m_Name: Pointer
  m_TagString: Untagged
  m_Icon: {fileID: 0}
  m_NavMeshLayer: 0
  m_StaticEditorFlags: 0
  m_IsActive: 1
--- !u!224 &1090367664
RectTransform:
  m_ObjectHideFlags: 0
  m_CorrespondingSourceObject: {fileID: 0}
  m_PrefabInstance: {fileID: 0}
  m_PrefabAsset: {fileID: 0}
  m_GameObject: {fileID: 1090367663}
  m_LocalRotation: {x: 0, y: 0, z: 0, w: 1}
  m_LocalPosition: {x: 0, y: 0, z: 0}
  m_LocalScale: {x: 0.1, y: 0.1, z: 0.1}
  m_Children: []
  m_Father: {fileID: 1449660897}
  m_RootOrder: 0
  m_LocalEulerAnglesHint: {x: 0, y: 0, z: 0}
  m_AnchorMin: {x: 0.5, y: 0.5}
  m_AnchorMax: {x: 0.5, y: 0.5}
  m_AnchoredPosition: {x: 0, y: 0}
  m_SizeDelta: {x: 100, y: 100}
  m_Pivot: {x: 0.5, y: 0.5}
--- !u!114 &1090367665
MonoBehaviour:
  m_ObjectHideFlags: 0
  m_CorrespondingSourceObject: {fileID: 0}
  m_PrefabInstance: {fileID: 0}
  m_PrefabAsset: {fileID: 0}
  m_GameObject: {fileID: 1090367663}
  m_Enabled: 1
  m_EditorHideFlags: 0
  m_Script: {fileID: 11500000, guid: fe87c0e1cc204ed48ad3b37840f39efc, type: 3}
  m_Name: 
  m_EditorClassIdentifier: 
  m_Material: {fileID: 0}
  m_Color: {r: 0.5283019, g: 0.5283019, b: 0.5283019, a: 0.37254903}
  m_RaycastTarget: 1
  m_OnCullStateChanged:
    m_PersistentCalls:
      m_Calls: []
    m_TypeName: UnityEngine.UI.MaskableGraphic+CullStateChangedEvent, UnityEngine.UI,
      Version=1.0.0.0, Culture=neutral, PublicKeyToken=null
  m_Sprite: {fileID: 10913, guid: 0000000000000000f000000000000000, type: 0}
  m_Type: 0
  m_PreserveAspect: 0
  m_FillCenter: 1
  m_FillMethod: 4
  m_FillAmount: 1
  m_FillClockwise: 1
  m_FillOrigin: 0
  m_UseSpriteMesh: 0
  m_PixelsPerUnitMultiplier: 1
--- !u!222 &1090367666
CanvasRenderer:
  m_ObjectHideFlags: 0
  m_CorrespondingSourceObject: {fileID: 0}
  m_PrefabInstance: {fileID: 0}
  m_PrefabAsset: {fileID: 0}
  m_GameObject: {fileID: 1090367663}
  m_CullTransparentMesh: 0
--- !u!1 &1097462477
GameObject:
  m_ObjectHideFlags: 0
  m_CorrespondingSourceObject: {fileID: 0}
  m_PrefabInstance: {fileID: 0}
  m_PrefabAsset: {fileID: 0}
  serializedVersion: 6
  m_Component:
  - component: {fileID: 1097462478}
  - component: {fileID: 1097462481}
  - component: {fileID: 1097462480}
  m_Layer: 0
  m_Name: Hand
  m_TagString: Untagged
  m_Icon: {fileID: 0}
  m_NavMeshLayer: 0
  m_StaticEditorFlags: 0
  m_IsActive: 1
--- !u!4 &1097462478
Transform:
  m_ObjectHideFlags: 0
  m_CorrespondingSourceObject: {fileID: 0}
  m_PrefabInstance: {fileID: 0}
  m_PrefabAsset: {fileID: 0}
  m_GameObject: {fileID: 1097462477}
  m_LocalRotation: {x: 0, y: 0, z: 0, w: 1}
  m_LocalPosition: {x: 0.3, y: -0.15, z: 0.41}
  m_LocalScale: {x: 0.1, y: 0.1, z: 0.1}
  m_Children:
  - {fileID: 915264252}
  m_Father: {fileID: 1687258585}
  m_RootOrder: 0
  m_LocalEulerAnglesHint: {x: 0, y: 0, z: 0}
--- !u!23 &1097462480
MeshRenderer:
  m_ObjectHideFlags: 0
  m_CorrespondingSourceObject: {fileID: 0}
  m_PrefabInstance: {fileID: 0}
  m_PrefabAsset: {fileID: 0}
  m_GameObject: {fileID: 1097462477}
  m_Enabled: 1
  m_CastShadows: 1
  m_ReceiveShadows: 1
  m_DynamicOccludee: 1
  m_MotionVectors: 1
  m_LightProbeUsage: 1
  m_ReflectionProbeUsage: 1
  m_RenderingLayerMask: 1
  m_RendererPriority: 0
  m_Materials:
  - {fileID: 2100000, guid: 31321ba15b8f8eb4c954353edc038b1d, type: 2}
  m_StaticBatchInfo:
    firstSubMesh: 0
    subMeshCount: 0
  m_StaticBatchRoot: {fileID: 0}
  m_ProbeAnchor: {fileID: 0}
  m_LightProbeVolumeOverride: {fileID: 0}
  m_ScaleInLightmap: 1
  m_ReceiveGI: 1
  m_PreserveUVs: 0
  m_IgnoreNormalsForChartDetection: 0
  m_ImportantGI: 0
  m_StitchLightmapSeams: 1
  m_SelectedEditorRenderState: 3
  m_MinimumChartSize: 4
  m_AutoUVMaxDistance: 0.5
  m_AutoUVMaxAngle: 89
  m_LightmapParameters: {fileID: 0}
  m_SortingLayerID: 0
  m_SortingLayer: 0
  m_SortingOrder: 0
--- !u!33 &1097462481
MeshFilter:
  m_ObjectHideFlags: 0
  m_CorrespondingSourceObject: {fileID: 0}
  m_PrefabInstance: {fileID: 0}
  m_PrefabAsset: {fileID: 0}
  m_GameObject: {fileID: 1097462477}
  m_Mesh: {fileID: 10207, guid: 0000000000000000e000000000000000, type: 0}
--- !u!1 &1101241336 stripped
GameObject:
  m_CorrespondingSourceObject: {fileID: 6023523606054994314, guid: 059d9a28073443349bdc6f7fa0d61cbb,
    type: 3}
  m_PrefabInstance: {fileID: 697655731068522807}
  m_PrefabAsset: {fileID: 0}
--- !u!114 &1101241337
MonoBehaviour:
  m_ObjectHideFlags: 0
  m_CorrespondingSourceObject: {fileID: 0}
  m_PrefabInstance: {fileID: 0}
  m_PrefabAsset: {fileID: 0}
  m_GameObject: {fileID: 1101241336}
  m_Enabled: 1
  m_EditorHideFlags: 0
  m_Script: {fileID: 11500000, guid: db10c898095cc554d868a40184cfca24, type: 3}
  m_Name: 
  m_EditorClassIdentifier: 
  speed: 1
--- !u!114 &1101241338
MonoBehaviour:
  m_ObjectHideFlags: 0
  m_CorrespondingSourceObject: {fileID: 0}
  m_PrefabInstance: {fileID: 0}
  m_PrefabAsset: {fileID: 0}
  m_GameObject: {fileID: 1101241336}
  m_Enabled: 1
  m_EditorHideFlags: 0
  m_Script: {fileID: 11500000, guid: 865226f40d00b024ba9e3d79b4799599, type: 3}
  m_Name: 
  m_EditorClassIdentifier: 
  receiversList:
  - {fileID: 9106214938884359792}
  - {fileID: 261349688}
  - {fileID: 267508080}
--- !u!1 &1145444333
GameObject:
  m_ObjectHideFlags: 0
  m_CorrespondingSourceObject: {fileID: 1893501271177436, guid: b99944bf0f66a4643ac9a98799610529,
    type: 2}
  m_PrefabInstance: {fileID: 0}
  m_PrefabAsset: {fileID: 0}
  serializedVersion: 6
  m_Component:
  - component: {fileID: 1145444334}
  - component: {fileID: 1145444335}
  m_Layer: 0
  m_Name: Reflection Probe Behind Frame
  m_TagString: Untagged
  m_Icon: {fileID: 0}
  m_NavMeshLayer: 0
  m_StaticEditorFlags: 0
  m_IsActive: 1
--- !u!4 &1145444334
Transform:
  m_ObjectHideFlags: 0
  m_CorrespondingSourceObject: {fileID: 4802510121164778, guid: b99944bf0f66a4643ac9a98799610529,
    type: 2}
  m_PrefabInstance: {fileID: 0}
  m_PrefabAsset: {fileID: 0}
  m_GameObject: {fileID: 1145444333}
  m_LocalRotation: {x: -0, y: -0, z: -0, w: 1}
  m_LocalPosition: {x: 0.01, y: 1.49, z: -0.74}
  m_LocalScale: {x: 1, y: 1, z: 1}
  m_Children: []
  m_Father: {fileID: 170171481}
  m_RootOrder: 2
  m_LocalEulerAnglesHint: {x: 0, y: 0, z: 0}
--- !u!215 &1145444335
ReflectionProbe:
  m_ObjectHideFlags: 0
  m_CorrespondingSourceObject: {fileID: 215423830422470646, guid: b99944bf0f66a4643ac9a98799610529,
    type: 2}
  m_PrefabInstance: {fileID: 0}
  m_PrefabAsset: {fileID: 0}
  m_GameObject: {fileID: 1145444333}
  m_Enabled: 1
  serializedVersion: 2
  m_Type: 0
  m_Mode: 0
  m_RefreshMode: 0
  m_TimeSlicingMode: 0
  m_Resolution: 32
  m_UpdateFrequency: 0
  m_BoxSize: {x: 1.27, y: 2.5, z: 3.6474872}
  m_BoxOffset: {x: 0.04511571, y: -0.3228073, z: -0.020675898}
  m_NearClip: 0.3
  m_FarClip: 1000
  m_ShadowDistance: 100
  m_ClearFlags: 1
  m_BackGroundColor: {r: 0.19215687, g: 0.3019608, b: 0.4745098, a: 0}
  m_CullingMask:
    serializedVersion: 2
    m_Bits: 4294967295
  m_IntensityMultiplier: 1
  m_BlendDistance: 1
  m_HDR: 1
  m_BoxProjection: 1
  m_RenderDynamicObjects: 0
  m_UseOcclusionCulling: 1
  m_Importance: 1
  m_CustomBakedTexture: {fileID: 0}
--- !u!4 &1278355951 stripped
Transform:
  m_CorrespondingSourceObject: {fileID: 4354465822509128, guid: 85dfab9623c67784fa7894de63cd1604,
    type: 3}
  m_PrefabInstance: {fileID: 1556901916}
  m_PrefabAsset: {fileID: 0}
--- !u!1 &1350207131 stripped
GameObject:
  m_CorrespondingSourceObject: {fileID: 1205452068849660486, guid: 0862345919853c44eb4b57bafc7ce308,
    type: 3}
  m_PrefabInstance: {fileID: 1205452069661684957}
  m_PrefabAsset: {fileID: 0}
--- !u!114 &1350207139
MonoBehaviour:
  m_ObjectHideFlags: 0
  m_CorrespondingSourceObject: {fileID: 0}
  m_PrefabInstance: {fileID: 0}
  m_PrefabAsset: {fileID: 0}
  m_GameObject: {fileID: 1350207131}
  m_Enabled: 1
  m_EditorHideFlags: 0
  m_Script: {fileID: 11500000, guid: a38aca8619eebdf4f8f3b5f79972a9a5, type: 3}
  m_Name: 
  m_EditorClassIdentifier: 
  interactRange: 5
  hand: {fileID: 915264252}
--- !u!1 &1449660893
GameObject:
  m_ObjectHideFlags: 0
  m_CorrespondingSourceObject: {fileID: 0}
  m_PrefabInstance: {fileID: 0}
  m_PrefabAsset: {fileID: 0}
  serializedVersion: 6
  m_Component:
  - component: {fileID: 1449660897}
  - component: {fileID: 1449660896}
  - component: {fileID: 1449660895}
  - component: {fileID: 1449660894}
  m_Layer: 5
  m_Name: Canvas
  m_TagString: Untagged
  m_Icon: {fileID: 0}
  m_NavMeshLayer: 0
  m_StaticEditorFlags: 0
  m_IsActive: 1
--- !u!114 &1449660894
MonoBehaviour:
  m_ObjectHideFlags: 0
  m_CorrespondingSourceObject: {fileID: 0}
  m_PrefabInstance: {fileID: 0}
  m_PrefabAsset: {fileID: 0}
  m_GameObject: {fileID: 1449660893}
  m_Enabled: 1
  m_EditorHideFlags: 0
  m_Script: {fileID: 11500000, guid: dc42784cf147c0c48a680349fa168899, type: 3}
  m_Name: 
  m_EditorClassIdentifier: 
  m_IgnoreReversedGraphics: 1
  m_BlockingObjects: 0
  m_BlockingMask:
    serializedVersion: 2
    m_Bits: 4294967295
--- !u!114 &1449660895
MonoBehaviour:
  m_ObjectHideFlags: 0
  m_CorrespondingSourceObject: {fileID: 0}
  m_PrefabInstance: {fileID: 0}
  m_PrefabAsset: {fileID: 0}
  m_GameObject: {fileID: 1449660893}
  m_Enabled: 1
  m_EditorHideFlags: 0
  m_Script: {fileID: 11500000, guid: 0cd44c1031e13a943bb63640046fad76, type: 3}
  m_Name: 
  m_EditorClassIdentifier: 
  m_UiScaleMode: 0
  m_ReferencePixelsPerUnit: 100
  m_ScaleFactor: 1
  m_ReferenceResolution: {x: 800, y: 600}
  m_ScreenMatchMode: 0
  m_MatchWidthOrHeight: 0
  m_PhysicalUnit: 3
  m_FallbackScreenDPI: 96
  m_DefaultSpriteDPI: 96
  m_DynamicPixelsPerUnit: 1
--- !u!223 &1449660896
Canvas:
  m_ObjectHideFlags: 0
  m_CorrespondingSourceObject: {fileID: 0}
  m_PrefabInstance: {fileID: 0}
  m_PrefabAsset: {fileID: 0}
  m_GameObject: {fileID: 1449660893}
  m_Enabled: 1
  serializedVersion: 3
  m_RenderMode: 0
  m_Camera: {fileID: 0}
  m_PlaneDistance: 100
  m_PixelPerfect: 0
  m_ReceivesEvents: 1
  m_OverrideSorting: 0
  m_OverridePixelPerfect: 0
  m_SortingBucketNormalizedSize: 0
  m_AdditionalShaderChannelsFlag: 0
  m_SortingLayerID: 0
  m_SortingOrder: 0
  m_TargetDisplay: 0
--- !u!224 &1449660897
RectTransform:
  m_ObjectHideFlags: 0
  m_CorrespondingSourceObject: {fileID: 0}
  m_PrefabInstance: {fileID: 0}
  m_PrefabAsset: {fileID: 0}
  m_GameObject: {fileID: 1449660893}
  m_LocalRotation: {x: 0, y: 0, z: 0, w: 1}
  m_LocalPosition: {x: 0, y: 0, z: 0}
  m_LocalScale: {x: 0, y: 0, z: 0}
  m_Children:
  - {fileID: 1090367664}
  m_Father: {fileID: 0}
  m_RootOrder: 8
  m_LocalEulerAnglesHint: {x: 0, y: 0, z: 0}
  m_AnchorMin: {x: 0, y: 0}
  m_AnchorMax: {x: 0, y: 0}
  m_AnchoredPosition: {x: 0, y: 0}
  m_SizeDelta: {x: 0, y: 0}
  m_Pivot: {x: 0, y: 0}
--- !u!1 &1458322688
GameObject:
  m_ObjectHideFlags: 0
  m_CorrespondingSourceObject: {fileID: 1639467064323808, guid: 831f7474a5c14654a9e30be0a073c2a8,
    type: 2}
  m_PrefabInstance: {fileID: 0}
  m_PrefabAsset: {fileID: 0}
  serializedVersion: 6
  m_Component:
  - component: {fileID: 1458322689}
  - component: {fileID: 1458322690}
  m_Layer: 0
  m_Name: Light Probe Group
  m_TagString: Untagged
  m_Icon: {fileID: 0}
  m_NavMeshLayer: 0
  m_StaticEditorFlags: 0
  m_IsActive: 1
--- !u!4 &1458322689
Transform:
  m_ObjectHideFlags: 0
  m_CorrespondingSourceObject: {fileID: 4676111292229452, guid: 831f7474a5c14654a9e30be0a073c2a8,
    type: 2}
  m_PrefabInstance: {fileID: 0}
  m_PrefabAsset: {fileID: 0}
  m_GameObject: {fileID: 1458322688}
  m_LocalRotation: {x: -0, y: -0, z: -0, w: 1}
  m_LocalPosition: {x: 0, y: 0, z: 0}
  m_LocalScale: {x: 1, y: 1, z: 1}
  m_Children: []
  m_Father: {fileID: 665423900}
  m_RootOrder: 3
  m_LocalEulerAnglesHint: {x: 0, y: 0, z: 0}
--- !u!220 &1458322690
LightProbeGroup:
  m_ObjectHideFlags: 0
  m_CorrespondingSourceObject: {fileID: 220269653436403174, guid: 831f7474a5c14654a9e30be0a073c2a8,
    type: 2}
  m_PrefabInstance: {fileID: 0}
  m_PrefabAsset: {fileID: 0}
  m_GameObject: {fileID: 1458322688}
  m_Enabled: 1
  m_SourcePositions:
  - {x: 3.105528, y: 0.16895413, z: 2.4095447}
  - {x: 3.0649188, y: 0.16895413, z: 0.88884413}
  - {x: -1.0584239, y: 1.1217368, z: 2.7403114}
  - {x: -1.7438574, y: 0.16895413, z: -1.2226346}
  - {x: 2.1004357, y: 0.16895413, z: 0.8648969}
  - {x: -1.7078182, y: 0.8534832, z: 2.3771396}
  - {x: -1.7438574, y: 0.16895413, z: -0.26830465}
  - {x: 1.7247949, y: 0.16895413, z: 0.11532086}
  - {x: 1.7499919, y: 0.16895413, z: -0.26830465}
  - {x: 1.7247949, y: 0.16895413, z: -1.2226346}
  - {x: -0.49640164, y: 0.16895413, z: -0.26830453}
  - {x: 1.7247949, y: 0.16895413, z: 0.11532086}
  - {x: 1.7247949, y: 0.16895413, z: 3.6209083}
  - {x: 1.7247949, y: 0.16895413, z: 3.6209083}
  - {x: 1.7247949, y: 0.16895413, z: 3.6209083}
  - {x: 1.7247949, y: 0.16895413, z: 3.6209083}
  - {x: 1.7247949, y: 0.16895413, z: 3.6209083}
  - {x: 1.7247949, y: 0.16895413, z: 3.6209083}
  - {x: 1.7247949, y: 0.16895413, z: 3.6209083}
  - {x: 1.7247949, y: 0.16895413, z: 3.6209083}
  - {x: 3.105528, y: 2.137173, z: 2.4095447}
  - {x: 3.0649185, y: 0.6519439, z: 2.0175197}
  - {x: 0.23031196, y: 2.137173, z: 3.6209083}
  - {x: -1.7438574, y: 2.137173, z: -1.2226346}
  - {x: 2.1004357, y: 0.6519439, z: 1.9935725}
  - {x: -1.7438574, y: 2.137173, z: 2.0342152}
  - {x: -1.7438574, y: 2.137173, z: -0.26830465}
  - {x: 1.7247949, y: 2.137173, z: 0.11532086}
  - {x: 1.7499919, y: 2.137173, z: -0.26830465}
  - {x: 1.7247949, y: 2.137173, z: -1.2226346}
  - {x: -0.6874457, y: 2.137173, z: 2.4426017}
  - {x: -0.49640164, y: 2.137173, z: -0.26830453}
  - {x: 1.7247949, y: 2.137173, z: 0.11532086}
  - {x: 1.7247949, y: 2.137173, z: 3.6209083}
  - {x: 1.7247949, y: 2.137173, z: 3.6209083}
  - {x: 1.7247949, y: 2.137173, z: 3.6209083}
  - {x: 1.7247949, y: 2.137173, z: 3.6209083}
  - {x: 1.7247949, y: 2.137173, z: 3.6209083}
  - {x: 1.7247949, y: 2.137173, z: 3.6209083}
  - {x: 1.7247949, y: 2.137173, z: 3.6209083}
  - {x: 1.7247949, y: 2.137173, z: 3.6209083}
  - {x: 3.0649188, y: 0.16895413, z: 0.88884413}
  - {x: 3.0649185, y: 0.6519439, z: 2.0175197}
  - {x: 3.0649188, y: 0.16895413, z: -1.2226346}
  - {x: 3.0649188, y: 2.137173, z: -1.2226346}
  - {x: 3.0649188, y: 0.16895413, z: -1.2226346}
  - {x: 3.0649188, y: 2.137173, z: -1.2226346}
  - {x: -0.49640164, y: 0.16895413, z: 0.11532098}
  - {x: -0.49640164, y: 2.137173, z: 0.11532098}
  - {x: 2.1137934, y: 0.16895413, z: 2.0019345}
  - {x: 2.1137934, y: 2.137173, z: 2.0019345}
  - {x: -1.7438574, y: 0.16895413, z: 0.11532086}
  - {x: -1.7438574, y: 2.137173, z: 0.11532086}
  - {x: 1.054212, y: 0.16895413, z: 2.411922}
  - {x: 1.054212, y: 2.137173, z: 2.411922}
  - {x: 0.3626945, y: 0.16895413, z: 2.0019345}
  - {x: 0.3626945, y: 2.137173, z: 2.0019345}
  - {x: -1.4774848, y: 0.8719945, z: 3.0514278}
  - {x: -1.7438574, y: 2.137173, z: 3.6209083}
  - {x: -1.0676951, y: 0.16895413, z: 2.9097056}
  - {x: -0.7975282, y: 0.56283283, z: 3.0660741}
  - {x: -1.7438574, y: 0.16895413, z: 3.6209083}
  - {x: 0.23031196, y: 0.16895413, z: 3.6209083}
  - {x: -0.6072879, y: 0.16895413, z: 3.256002}
  - {x: -1.2559911, y: 0.51661086, z: 2.812699}
  - {x: -1.7438574, y: 0.16895413, z: 2.0342152}
  - {x: 3.105528, y: 0.16895413, z: 3.6209083}
  - {x: 3.105528, y: 2.137173, z: 3.6209083}
  - {x: 2.1004357, y: 0.16895413, z: 0.08172482}
  - {x: 3.0649188, y: 0.16895413, z: 0.10567212}
  - {x: 3.0649188, y: 0.16895413, z: 0.10567212}
  - {x: 3.0649188, y: 2.137173, z: 0.10567212}
  - {x: 3.0649188, y: 2.137173, z: 0.10567212}
  - {x: 2.1004357, y: 2.137173, z: 0.08172482}
  - {x: 3.0649188, y: 2.137173, z: 0.88884413}
  - {x: 2.1004357, y: 2.137173, z: 0.8648969}
  - {x: 3.0649188, y: 2.137173, z: 0.88884413}
  - {x: 3.0649188, y: 0.6519439, z: 0.88884413}
  - {x: 2.1004357, y: 0.6519439, z: 0.8648969}
  - {x: 3.0649188, y: 0.6519439, z: 0.88884413}
  - {x: 3.0649188, y: 0.6519439, z: 1.3790772}
  - {x: 2.1004357, y: 0.6519439, z: 1.35513}
  - {x: -1.7438573, y: 2.137173, z: 1.3957727}
  - {x: 3.0649188, y: 0.6519439, z: 1.3790772}
  - {x: 2.1137934, y: 0.16895413, z: 1.363492}
  - {x: 2.1137934, y: 2.137173, z: 1.363492}
  - {x: 0.36269462, y: 0.16895413, z: 1.363492}
  - {x: 0.36269462, y: 2.137173, z: 1.363492}
  - {x: -1.7438573, y: 0.16895413, z: 1.3957727}
  - {x: 3.0649185, y: 1.0357099, z: 2.0175197}
  - {x: 2.1004357, y: 1.0357099, z: 1.9935725}
  - {x: 3.0649185, y: 1.0357099, z: 2.0175197}
  - {x: 3.0649188, y: 1.0357099, z: 0.88884413}
  - {x: 2.1004357, y: 1.0357099, z: 0.8648969}
  - {x: 3.0649188, y: 1.0357099, z: 0.88884413}
  - {x: 3.0649188, y: 1.0357099, z: 1.3790772}
  - {x: 2.1004357, y: 1.0357099, z: 1.35513}
  - {x: 3.0649188, y: 1.0357099, z: 1.3790772}
  - {x: 3.0649185, y: 1.6615444, z: 2.0175197}
  - {x: 2.1004357, y: 1.6615444, z: 1.9935725}
  - {x: 3.0649185, y: 1.6615444, z: 2.0175197}
  - {x: 3.0649188, y: 1.6615444, z: 0.88884413}
  - {x: 2.1004357, y: 1.6615444, z: 0.8648969}
  - {x: 3.0649188, y: 1.6615444, z: 0.88884413}
  - {x: 3.0649188, y: 1.6615444, z: 1.3790772}
  - {x: 2.1004357, y: 1.6615444, z: 1.35513}
  - {x: 3.0649188, y: 1.6615444, z: 1.3790772}
  - {x: -1.4713501, y: 0.63955027, z: 2.5137973}
  - {x: -0.68649423, y: 0.51661086, z: 2.327536}
  - {x: -0.8738291, y: 0.51661086, z: 2.5225298}
  - {x: -1.3810283, y: 0.51661086, z: 2.9244456}
  m_Dering: 0
--- !u!1001 &1465496286
PrefabInstance:
  m_ObjectHideFlags: 0
  serializedVersion: 2
  m_Modification:
    m_TransformParent: {fileID: 0}
    m_Modifications:
    - target: {fileID: 4786199647612645992, guid: 7de73862728c3d241bda276d0f06045f,
        type: 3}
      propertyPath: m_Name
      value: Magnet
      objectReference: {fileID: 0}
    - target: {fileID: 291599415373623889, guid: 7de73862728c3d241bda276d0f06045f,
        type: 3}
      propertyPath: m_LocalPosition.x
      value: 33.3
      objectReference: {fileID: 0}
    - target: {fileID: 291599415373623889, guid: 7de73862728c3d241bda276d0f06045f,
        type: 3}
      propertyPath: m_LocalPosition.y
      value: -0
      objectReference: {fileID: 0}
    - target: {fileID: 291599415373623889, guid: 7de73862728c3d241bda276d0f06045f,
        type: 3}
      propertyPath: m_LocalPosition.z
      value: -15.54
      objectReference: {fileID: 0}
    - target: {fileID: 291599415373623889, guid: 7de73862728c3d241bda276d0f06045f,
        type: 3}
      propertyPath: m_LocalRotation.x
      value: 0
      objectReference: {fileID: 0}
    - target: {fileID: 291599415373623889, guid: 7de73862728c3d241bda276d0f06045f,
        type: 3}
      propertyPath: m_LocalRotation.y
      value: 0
      objectReference: {fileID: 0}
    - target: {fileID: 291599415373623889, guid: 7de73862728c3d241bda276d0f06045f,
        type: 3}
      propertyPath: m_LocalRotation.z
      value: 0
      objectReference: {fileID: 0}
    - target: {fileID: 291599415373623889, guid: 7de73862728c3d241bda276d0f06045f,
        type: 3}
      propertyPath: m_LocalRotation.w
      value: 1
      objectReference: {fileID: 0}
    - target: {fileID: 291599415373623889, guid: 7de73862728c3d241bda276d0f06045f,
        type: 3}
      propertyPath: m_RootOrder
      value: 16
      objectReference: {fileID: 0}
    - target: {fileID: 291599415373623889, guid: 7de73862728c3d241bda276d0f06045f,
        type: 3}
      propertyPath: m_LocalEulerAnglesHint.x
      value: 0
      objectReference: {fileID: 0}
    - target: {fileID: 291599415373623889, guid: 7de73862728c3d241bda276d0f06045f,
        type: 3}
      propertyPath: m_LocalEulerAnglesHint.y
      value: 0
      objectReference: {fileID: 0}
    - target: {fileID: 291599415373623889, guid: 7de73862728c3d241bda276d0f06045f,
        type: 3}
      propertyPath: m_LocalEulerAnglesHint.z
      value: 0
      objectReference: {fileID: 0}
    - target: {fileID: 291599415373623889, guid: 7de73862728c3d241bda276d0f06045f,
        type: 3}
      propertyPath: m_LocalScale.x
      value: 10
      objectReference: {fileID: 0}
    - target: {fileID: 291599415373623889, guid: 7de73862728c3d241bda276d0f06045f,
        type: 3}
      propertyPath: m_LocalScale.z
      value: 10
      objectReference: {fileID: 0}
    - target: {fileID: 2017877855358847554, guid: 7de73862728c3d241bda276d0f06045f,
        type: 3}
      propertyPath: m_IsActive
      value: 1
      objectReference: {fileID: 0}
    - target: {fileID: 4751177046777511873, guid: 7de73862728c3d241bda276d0f06045f,
        type: 3}
      propertyPath: m_Size.y
      value: 471.52798
      objectReference: {fileID: 0}
    - target: {fileID: 4751177046777511873, guid: 7de73862728c3d241bda276d0f06045f,
        type: 3}
      propertyPath: m_Center.y
      value: 235.26396
      objectReference: {fileID: 0}
    - target: {fileID: 4751177046777511873, guid: 7de73862728c3d241bda276d0f06045f,
        type: 3}
      propertyPath: m_Size.x
      value: 1.9693718
      objectReference: {fileID: 0}
    - target: {fileID: 4751177046777511873, guid: 7de73862728c3d241bda276d0f06045f,
        type: 3}
      propertyPath: m_Center.x
      value: 0.01563549
      objectReference: {fileID: 0}
    - target: {fileID: 4751177046777511873, guid: 7de73862728c3d241bda276d0f06045f,
        type: 3}
      propertyPath: m_Size.z
      value: 1.9537363
      objectReference: {fileID: 0}
    - target: {fileID: 4751177046777511873, guid: 7de73862728c3d241bda276d0f06045f,
        type: 3}
      propertyPath: m_Center.z
      value: 0.007816792
      objectReference: {fileID: 0}
    m_RemovedComponents: []
  m_SourcePrefab: {fileID: 100100000, guid: 7de73862728c3d241bda276d0f06045f, type: 3}
--- !u!1 &1511698016
GameObject:
  m_ObjectHideFlags: 0
  m_CorrespondingSourceObject: {fileID: 0}
  m_PrefabInstance: {fileID: 0}
  m_PrefabAsset: {fileID: 0}
  serializedVersion: 6
  m_Component:
  - component: {fileID: 1511698022}
  - component: {fileID: 1511698021}
  - component: {fileID: 1511698020}
  - component: {fileID: 1511698019}
  - component: {fileID: 1511698018}
  - component: {fileID: 1511698017}
  m_Layer: 0
  m_Name: Cube (1)
  m_TagString: Untagged
  m_Icon: {fileID: 0}
  m_NavMeshLayer: 0
  m_StaticEditorFlags: 0
  m_IsActive: 1
--- !u!54 &1511698017
Rigidbody:
  m_ObjectHideFlags: 0
  m_CorrespondingSourceObject: {fileID: 0}
  m_PrefabInstance: {fileID: 0}
  m_PrefabAsset: {fileID: 0}
  m_GameObject: {fileID: 1511698016}
  serializedVersion: 2
  m_Mass: 1
  m_Drag: 0
  m_AngularDrag: 0.05
  m_UseGravity: 1
  m_IsKinematic: 0
  m_Interpolate: 0
  m_Constraints: 112
  m_CollisionDetection: 0
--- !u!114 &1511698018
MonoBehaviour:
  m_ObjectHideFlags: 0
  m_CorrespondingSourceObject: {fileID: 0}
  m_PrefabInstance: {fileID: 0}
  m_PrefabAsset: {fileID: 0}
  m_GameObject: {fileID: 1511698016}
  m_Enabled: 1
  m_EditorHideFlags: 0
  m_Script: {fileID: 11500000, guid: 21f91bd190583154aa42eb79306c3fdd, type: 3}
  m_Name: 
  m_EditorClassIdentifier: 
--- !u!65 &1511698019
BoxCollider:
  m_ObjectHideFlags: 0
  m_CorrespondingSourceObject: {fileID: 0}
  m_PrefabInstance: {fileID: 0}
  m_PrefabAsset: {fileID: 0}
  m_GameObject: {fileID: 1511698016}
  m_Material: {fileID: 0}
  m_IsTrigger: 0
  m_Enabled: 1
  serializedVersion: 2
  m_Size: {x: 1, y: 1, z: 1}
  m_Center: {x: 0, y: 0, z: 0}
--- !u!23 &1511698020
MeshRenderer:
  m_ObjectHideFlags: 0
  m_CorrespondingSourceObject: {fileID: 0}
  m_PrefabInstance: {fileID: 0}
  m_PrefabAsset: {fileID: 0}
  m_GameObject: {fileID: 1511698016}
  m_Enabled: 1
  m_CastShadows: 1
  m_ReceiveShadows: 1
  m_DynamicOccludee: 1
  m_MotionVectors: 1
  m_LightProbeUsage: 1
  m_ReflectionProbeUsage: 1
  m_RenderingLayerMask: 1
  m_RendererPriority: 0
  m_Materials:
  - {fileID: 2100000, guid: 31321ba15b8f8eb4c954353edc038b1d, type: 2}
  m_StaticBatchInfo:
    firstSubMesh: 0
    subMeshCount: 0
  m_StaticBatchRoot: {fileID: 0}
  m_ProbeAnchor: {fileID: 0}
  m_LightProbeVolumeOverride: {fileID: 0}
  m_ScaleInLightmap: 1
  m_ReceiveGI: 1
  m_PreserveUVs: 0
  m_IgnoreNormalsForChartDetection: 0
  m_ImportantGI: 0
  m_StitchLightmapSeams: 1
  m_SelectedEditorRenderState: 3
  m_MinimumChartSize: 4
  m_AutoUVMaxDistance: 0.5
  m_AutoUVMaxAngle: 89
  m_LightmapParameters: {fileID: 0}
  m_SortingLayerID: 0
  m_SortingLayer: 0
  m_SortingOrder: 0
--- !u!33 &1511698021
MeshFilter:
  m_ObjectHideFlags: 0
  m_CorrespondingSourceObject: {fileID: 0}
  m_PrefabInstance: {fileID: 0}
  m_PrefabAsset: {fileID: 0}
  m_GameObject: {fileID: 1511698016}
  m_Mesh: {fileID: 10202, guid: 0000000000000000e000000000000000, type: 0}
--- !u!4 &1511698022
Transform:
  m_ObjectHideFlags: 0
  m_CorrespondingSourceObject: {fileID: 0}
  m_PrefabInstance: {fileID: 0}
  m_PrefabAsset: {fileID: 0}
  m_GameObject: {fileID: 1511698016}
  m_LocalRotation: {x: 0, y: 0, z: 0, w: 1}
  m_LocalPosition: {x: 8.2, y: 1.59, z: -8.66}
  m_LocalScale: {x: 1, y: 1, z: 1}
  m_Children: []
  m_Father: {fileID: 0}
  m_RootOrder: 14
  m_LocalEulerAnglesHint: {x: 0, y: 0, z: 0}
--- !u!1 &1514063960
GameObject:
  m_ObjectHideFlags: 0
  m_CorrespondingSourceObject: {fileID: 0}
  m_PrefabInstance: {fileID: 0}
  m_PrefabAsset: {fileID: 0}
  serializedVersion: 6
  m_Component:
  - component: {fileID: 1514063966}
  - component: {fileID: 1514063965}
  - component: {fileID: 1514063964}
  - component: {fileID: 1514063963}
  - component: {fileID: 1514063962}
  - component: {fileID: 1514063961}
  m_Layer: 0
  m_Name: Sphere (1)
  m_TagString: Untagged
  m_Icon: {fileID: 0}
  m_NavMeshLayer: 0
  m_StaticEditorFlags: 0
  m_IsActive: 1
--- !u!114 &1514063961
MonoBehaviour:
  m_ObjectHideFlags: 0
  m_CorrespondingSourceObject: {fileID: 0}
  m_PrefabInstance: {fileID: 0}
  m_PrefabAsset: {fileID: 0}
  m_GameObject: {fileID: 1514063960}
  m_Enabled: 1
  m_EditorHideFlags: 0
  m_Script: {fileID: 11500000, guid: 21f91bd190583154aa42eb79306c3fdd, type: 3}
  m_Name: 
  m_EditorClassIdentifier: 
--- !u!54 &1514063962
Rigidbody:
  m_ObjectHideFlags: 0
  m_CorrespondingSourceObject: {fileID: 0}
  m_PrefabInstance: {fileID: 0}
  m_PrefabAsset: {fileID: 0}
  m_GameObject: {fileID: 1514063960}
  serializedVersion: 2
  m_Mass: 1
  m_Drag: 0
  m_AngularDrag: 0
  m_UseGravity: 1
  m_IsKinematic: 0
  m_Interpolate: 0
  m_Constraints: 112
  m_CollisionDetection: 0
--- !u!135 &1514063963
SphereCollider:
  m_ObjectHideFlags: 0
  m_CorrespondingSourceObject: {fileID: 0}
  m_PrefabInstance: {fileID: 0}
  m_PrefabAsset: {fileID: 0}
  m_GameObject: {fileID: 1514063960}
  m_Material: {fileID: 0}
  m_IsTrigger: 0
  m_Enabled: 1
  serializedVersion: 2
  m_Radius: 0.5
  m_Center: {x: 0, y: 0, z: 0}
--- !u!23 &1514063964
MeshRenderer:
  m_ObjectHideFlags: 0
  m_CorrespondingSourceObject: {fileID: 0}
  m_PrefabInstance: {fileID: 0}
  m_PrefabAsset: {fileID: 0}
  m_GameObject: {fileID: 1514063960}
  m_Enabled: 1
  m_CastShadows: 1
  m_ReceiveShadows: 1
  m_DynamicOccludee: 1
  m_MotionVectors: 1
  m_LightProbeUsage: 1
  m_ReflectionProbeUsage: 1
  m_RenderingLayerMask: 1
  m_RendererPriority: 0
  m_Materials:
  - {fileID: 2100000, guid: 31321ba15b8f8eb4c954353edc038b1d, type: 2}
  m_StaticBatchInfo:
    firstSubMesh: 0
    subMeshCount: 0
  m_StaticBatchRoot: {fileID: 0}
  m_ProbeAnchor: {fileID: 0}
  m_LightProbeVolumeOverride: {fileID: 0}
  m_ScaleInLightmap: 1
  m_ReceiveGI: 1
  m_PreserveUVs: 0
  m_IgnoreNormalsForChartDetection: 0
  m_ImportantGI: 0
  m_StitchLightmapSeams: 1
  m_SelectedEditorRenderState: 3
  m_MinimumChartSize: 4
  m_AutoUVMaxDistance: 0.5
  m_AutoUVMaxAngle: 89
  m_LightmapParameters: {fileID: 0}
  m_SortingLayerID: 0
  m_SortingLayer: 0
  m_SortingOrder: 0
--- !u!33 &1514063965
MeshFilter:
  m_ObjectHideFlags: 0
  m_CorrespondingSourceObject: {fileID: 0}
  m_PrefabInstance: {fileID: 0}
  m_PrefabAsset: {fileID: 0}
  m_GameObject: {fileID: 1514063960}
  m_Mesh: {fileID: 10207, guid: 0000000000000000e000000000000000, type: 0}
--- !u!4 &1514063966
Transform:
  m_ObjectHideFlags: 0
  m_CorrespondingSourceObject: {fileID: 0}
  m_PrefabInstance: {fileID: 0}
  m_PrefabAsset: {fileID: 0}
  m_GameObject: {fileID: 1514063960}
  m_LocalRotation: {x: 0, y: 0, z: 0, w: 1}
  m_LocalPosition: {x: 4.43, y: 1.1, z: 1.46}
  m_LocalScale: {x: 1, y: 1, z: 1}
  m_Children: []
  m_Father: {fileID: 0}
  m_RootOrder: 18
  m_LocalEulerAnglesHint: {x: 0, y: 0, z: 0}
--- !u!1001 &1556901916
PrefabInstance:
  m_ObjectHideFlags: 0
  serializedVersion: 2
  m_Modification:
    m_TransformParent: {fileID: 665423900}
    m_Modifications:
    - target: {fileID: 4354465822509128, guid: 85dfab9623c67784fa7894de63cd1604, type: 3}
      propertyPath: m_LocalPosition.x
      value: 1.655252
      objectReference: {fileID: 0}
    - target: {fileID: 4354465822509128, guid: 85dfab9623c67784fa7894de63cd1604, type: 3}
      propertyPath: m_LocalPosition.y
      value: 0.30264044
      objectReference: {fileID: 0}
    - target: {fileID: 4354465822509128, guid: 85dfab9623c67784fa7894de63cd1604, type: 3}
      propertyPath: m_LocalPosition.z
      value: 1.0033283
      objectReference: {fileID: 0}
    - target: {fileID: 4354465822509128, guid: 85dfab9623c67784fa7894de63cd1604, type: 3}
      propertyPath: m_LocalRotation.x
      value: -0
      objectReference: {fileID: 0}
    - target: {fileID: 4354465822509128, guid: 85dfab9623c67784fa7894de63cd1604, type: 3}
      propertyPath: m_LocalRotation.y
      value: -0
      objectReference: {fileID: 0}
    - target: {fileID: 4354465822509128, guid: 85dfab9623c67784fa7894de63cd1604, type: 3}
      propertyPath: m_LocalRotation.z
      value: -0
      objectReference: {fileID: 0}
    - target: {fileID: 4354465822509128, guid: 85dfab9623c67784fa7894de63cd1604, type: 3}
      propertyPath: m_LocalRotation.w
      value: 1
      objectReference: {fileID: 0}
    - target: {fileID: 4354465822509128, guid: 85dfab9623c67784fa7894de63cd1604, type: 3}
      propertyPath: m_RootOrder
      value: 1
      objectReference: {fileID: 0}
    m_RemovedComponents: []
  m_SourcePrefab: {fileID: 100100000, guid: 85dfab9623c67784fa7894de63cd1604, type: 3}
--- !u!4 &1687258585 stripped
Transform:
  m_CorrespondingSourceObject: {fileID: 1205452069048168708, guid: 0862345919853c44eb4b57bafc7ce308,
    type: 3}
  m_PrefabInstance: {fileID: 1205452069661684957}
  m_PrefabAsset: {fileID: 0}
--- !u!1001 &1713963784
PrefabInstance:
  m_ObjectHideFlags: 0
  serializedVersion: 2
  m_Modification:
    m_TransformParent: {fileID: 0}
    m_Modifications:
    - target: {fileID: 4786199647612645992, guid: 7de73862728c3d241bda276d0f06045f,
        type: 3}
      propertyPath: m_Name
      value: Receiver (2)
      objectReference: {fileID: 0}
    - target: {fileID: 291599415373623889, guid: 7de73862728c3d241bda276d0f06045f,
        type: 3}
      propertyPath: m_LocalPosition.x
      value: -2.31
      objectReference: {fileID: 0}
    - target: {fileID: 291599415373623889, guid: 7de73862728c3d241bda276d0f06045f,
        type: 3}
      propertyPath: m_LocalPosition.y
      value: 0.5
      objectReference: {fileID: 0}
    - target: {fileID: 291599415373623889, guid: 7de73862728c3d241bda276d0f06045f,
        type: 3}
      propertyPath: m_LocalPosition.z
      value: -14.62
      objectReference: {fileID: 0}
    - target: {fileID: 291599415373623889, guid: 7de73862728c3d241bda276d0f06045f,
        type: 3}
      propertyPath: m_LocalRotation.x
      value: -0
      objectReference: {fileID: 0}
    - target: {fileID: 291599415373623889, guid: 7de73862728c3d241bda276d0f06045f,
        type: 3}
      propertyPath: m_LocalRotation.y
      value: -0
      objectReference: {fileID: 0}
    - target: {fileID: 291599415373623889, guid: 7de73862728c3d241bda276d0f06045f,
        type: 3}
      propertyPath: m_LocalRotation.z
      value: -0
      objectReference: {fileID: 0}
    - target: {fileID: 291599415373623889, guid: 7de73862728c3d241bda276d0f06045f,
        type: 3}
      propertyPath: m_LocalRotation.w
      value: 1
      objectReference: {fileID: 0}
    - target: {fileID: 291599415373623889, guid: 7de73862728c3d241bda276d0f06045f,
        type: 3}
      propertyPath: m_RootOrder
      value: 13
      objectReference: {fileID: 0}
    - target: {fileID: 291599415373623889, guid: 7de73862728c3d241bda276d0f06045f,
        type: 3}
      propertyPath: m_LocalEulerAnglesHint.x
      value: 0
      objectReference: {fileID: 0}
    - target: {fileID: 291599415373623889, guid: 7de73862728c3d241bda276d0f06045f,
        type: 3}
      propertyPath: m_LocalEulerAnglesHint.y
      value: 0
      objectReference: {fileID: 0}
    - target: {fileID: 291599415373623889, guid: 7de73862728c3d241bda276d0f06045f,
        type: 3}
      propertyPath: m_LocalEulerAnglesHint.z
      value: 0
      objectReference: {fileID: 0}
    - target: {fileID: 2017877855358847554, guid: 7de73862728c3d241bda276d0f06045f,
        type: 3}
      propertyPath: m_IsActive
      value: 1
      objectReference: {fileID: 0}
    m_RemovedComponents: []
  m_SourcePrefab: {fileID: 100100000, guid: 7de73862728c3d241bda276d0f06045f, type: 3}
--- !u!1 &1863609793
GameObject:
  m_ObjectHideFlags: 0
  m_CorrespondingSourceObject: {fileID: 0}
  m_PrefabInstance: {fileID: 0}
  m_PrefabAsset: {fileID: 0}
  serializedVersion: 6
  m_Component:
  - component: {fileID: 1863609794}
  - component: {fileID: 1863609796}
  - component: {fileID: 1863609795}
  m_Layer: 0
  m_Name: Sphere
  m_TagString: Untagged
  m_Icon: {fileID: 0}
  m_NavMeshLayer: 0
  m_StaticEditorFlags: 0
  m_IsActive: 1
--- !u!4 &1863609794
Transform:
  m_ObjectHideFlags: 0
  m_CorrespondingSourceObject: {fileID: 0}
  m_PrefabInstance: {fileID: 0}
  m_PrefabAsset: {fileID: 0}
  m_GameObject: {fileID: 1863609793}
  m_LocalRotation: {x: 0, y: 0, z: 0, w: 1}
  m_LocalPosition: {x: 0, y: 0, z: 0}
  m_LocalScale: {x: 10, y: 10, z: 10}
  m_Children: []
  m_Father: {fileID: 747097010}
  m_RootOrder: 0
  m_LocalEulerAnglesHint: {x: 0, y: 0, z: 0}
--- !u!114 &1863609795
MonoBehaviour:
  m_ObjectHideFlags: 0
  m_CorrespondingSourceObject: {fileID: 0}
  m_PrefabInstance: {fileID: 0}
  m_PrefabAsset: {fileID: 0}
  m_GameObject: {fileID: 1863609793}
  m_Enabled: 1
  m_EditorHideFlags: 0
  m_Script: {fileID: 11500000, guid: 31bea45828e2bfe4c9a92f1cefb7e630, type: 3}
  m_Name: 
  m_EditorClassIdentifier: 
  magneticForce: -1
  ignoreMass: 0
--- !u!135 &1863609796
SphereCollider:
  m_ObjectHideFlags: 0
  m_CorrespondingSourceObject: {fileID: 0}
  m_PrefabInstance: {fileID: 0}
  m_PrefabAsset: {fileID: 0}
  m_GameObject: {fileID: 1863609793}
  m_Material: {fileID: 0}
  m_IsTrigger: 1
  m_Enabled: 1
  serializedVersion: 2
  m_Radius: 0.5
  m_Center: {x: 0, y: 0, z: 0}
--- !u!1 &1904166338
GameObject:
  m_ObjectHideFlags: 0
  m_CorrespondingSourceObject: {fileID: 1787972506507192, guid: b99944bf0f66a4643ac9a98799610529,
    type: 2}
  m_PrefabInstance: {fileID: 0}
  m_PrefabAsset: {fileID: 0}
  serializedVersion: 6
  m_Component:
  - component: {fileID: 1904166339}
  - component: {fileID: 1904166340}
  m_Layer: 0
  m_Name: Reflection Probe Main
  m_TagString: Untagged
  m_Icon: {fileID: 0}
  m_NavMeshLayer: 0
  m_StaticEditorFlags: 0
  m_IsActive: 1
--- !u!4 &1904166339
Transform:
  m_ObjectHideFlags: 0
  m_CorrespondingSourceObject: {fileID: 4479427943683164, guid: b99944bf0f66a4643ac9a98799610529,
    type: 2}
  m_PrefabInstance: {fileID: 0}
  m_PrefabAsset: {fileID: 0}
  m_GameObject: {fileID: 1904166338}
  m_LocalRotation: {x: -0, y: -0, z: -0, w: 1}
  m_LocalPosition: {x: 0.02, y: 1.49, z: 1.76}
  m_LocalScale: {x: 1, y: 1, z: 1}
  m_Children: []
  m_Father: {fileID: 170171481}
  m_RootOrder: 0
  m_LocalEulerAnglesHint: {x: 0, y: 0, z: 0}
--- !u!215 &1904166340
ReflectionProbe:
  m_ObjectHideFlags: 0
  m_CorrespondingSourceObject: {fileID: 215312914500498710, guid: b99944bf0f66a4643ac9a98799610529,
    type: 2}
  m_PrefabInstance: {fileID: 0}
  m_PrefabAsset: {fileID: 0}
  m_GameObject: {fileID: 1904166338}
  m_Enabled: 1
  serializedVersion: 2
  m_Type: 0
  m_Mode: 0
  m_RefreshMode: 0
  m_TimeSlicingMode: 0
  m_Resolution: 64
  m_UpdateFrequency: 0
  m_BoxSize: {x: 3.683801, y: 2.547348, z: 3.717638}
  m_BoxOffset: {x: 0.04511571, y: -0.3228073, z: -0.02819663}
  m_NearClip: 0.3
  m_FarClip: 1000
  m_ShadowDistance: 100
  m_ClearFlags: 1
  m_BackGroundColor: {r: 0.19215687, g: 0.3019608, b: 0.4745098, a: 0}
  m_CullingMask:
    serializedVersion: 2
    m_Bits: 4294967295
  m_IntensityMultiplier: 1
  m_BlendDistance: 1
  m_HDR: 1
  m_BoxProjection: 1
  m_RenderDynamicObjects: 0
  m_UseOcclusionCulling: 1
  m_Importance: 1
  m_CustomBakedTexture: {fileID: 0}
--- !u!1001 &2043913744
PrefabInstance:
  m_ObjectHideFlags: 0
  serializedVersion: 2
  m_Modification:
    m_TransformParent: {fileID: 0}
    m_Modifications:
    - target: {fileID: 5107251557570110380, guid: b88a581a745bd5b4a9f1495a40f89f47,
        type: 3}
      propertyPath: m_Name
      value: Wall Variant (1)
      objectReference: {fileID: 0}
    - target: {fileID: 6493723141779757385, guid: b88a581a745bd5b4a9f1495a40f89f47,
        type: 3}
      propertyPath: m_LocalPosition.x
      value: -3.7128
      objectReference: {fileID: 0}
    - target: {fileID: 6493723141779757385, guid: b88a581a745bd5b4a9f1495a40f89f47,
        type: 3}
      propertyPath: m_LocalPosition.y
      value: 2.41
      objectReference: {fileID: 0}
    - target: {fileID: 6493723141779757385, guid: b88a581a745bd5b4a9f1495a40f89f47,
        type: 3}
      propertyPath: m_LocalPosition.z
      value: -21.78
      objectReference: {fileID: 0}
    - target: {fileID: 6493723141779757385, guid: b88a581a745bd5b4a9f1495a40f89f47,
        type: 3}
      propertyPath: m_LocalRotation.x
      value: 0
      objectReference: {fileID: 0}
    - target: {fileID: 6493723141779757385, guid: b88a581a745bd5b4a9f1495a40f89f47,
        type: 3}
      propertyPath: m_LocalRotation.y
      value: 0
      objectReference: {fileID: 0}
    - target: {fileID: 6493723141779757385, guid: b88a581a745bd5b4a9f1495a40f89f47,
        type: 3}
      propertyPath: m_LocalRotation.z
      value: 0
      objectReference: {fileID: 0}
    - target: {fileID: 6493723141779757385, guid: b88a581a745bd5b4a9f1495a40f89f47,
        type: 3}
      propertyPath: m_LocalRotation.w
      value: 1
      objectReference: {fileID: 0}
    - target: {fileID: 6493723141779757385, guid: b88a581a745bd5b4a9f1495a40f89f47,
        type: 3}
      propertyPath: m_RootOrder
      value: 7
      objectReference: {fileID: 0}
    - target: {fileID: 6493723141779757385, guid: b88a581a745bd5b4a9f1495a40f89f47,
        type: 3}
      propertyPath: m_LocalEulerAnglesHint.x
      value: 0
      objectReference: {fileID: 0}
    - target: {fileID: 6493723141779757385, guid: b88a581a745bd5b4a9f1495a40f89f47,
        type: 3}
      propertyPath: m_LocalEulerAnglesHint.y
      value: 0
      objectReference: {fileID: 0}
    - target: {fileID: 6493723141779757385, guid: b88a581a745bd5b4a9f1495a40f89f47,
        type: 3}
      propertyPath: m_LocalEulerAnglesHint.z
      value: 0
      objectReference: {fileID: 0}
    m_RemovedComponents: []
  m_SourcePrefab: {fileID: 100100000, guid: b88a581a745bd5b4a9f1495a40f89f47, type: 3}
--- !u!1 &2138677391
GameObject:
  m_ObjectHideFlags: 0
  m_CorrespondingSourceObject: {fileID: 0}
  m_PrefabInstance: {fileID: 0}
  m_PrefabAsset: {fileID: 0}
  serializedVersion: 6
  m_Component:
  - component: {fileID: 2138677393}
  - component: {fileID: 2138677392}
  m_Layer: 0
  m_Name: Directional Light
  m_TagString: Untagged
  m_Icon: {fileID: 0}
  m_NavMeshLayer: 0
  m_StaticEditorFlags: 0
  m_IsActive: 1
--- !u!108 &2138677392
Light:
  m_ObjectHideFlags: 0
  m_CorrespondingSourceObject: {fileID: 0}
  m_PrefabInstance: {fileID: 0}
  m_PrefabAsset: {fileID: 0}
  m_GameObject: {fileID: 2138677391}
  m_Enabled: 1
  serializedVersion: 9
  m_Type: 1
  m_Color: {r: 1, g: 0.95686275, b: 0.8392157, a: 1}
  m_Intensity: 2
  m_Range: 10
  m_SpotAngle: 30
  m_InnerSpotAngle: 21.802082
  m_CookieSize: 10
  m_Shadows:
    m_Type: 2
    m_Resolution: -1
    m_CustomResolution: -1
    m_Strength: 1
    m_Bias: 0.02
    m_NormalBias: 0.1
    m_NearPlane: 0.1
    m_CullingMatrixOverride:
      e00: 1
      e01: 0
      e02: 0
      e03: 0
      e10: 0
      e11: 1
      e12: 0
      e13: 0
      e20: 0
      e21: 0
      e22: 1
      e23: 0
      e30: 0
      e31: 0
      e32: 0
      e33: 1
    m_UseCullingMatrixOverride: 0
  m_Cookie: {fileID: 0}
  m_DrawHalo: 0
  m_Flare: {fileID: 0}
  m_RenderMode: 0
  m_CullingMask:
    serializedVersion: 2
    m_Bits: 4294967295
  m_RenderingLayerMask: 1
  m_Lightmapping: 4
  m_LightShadowCasterMode: 0
  m_AreaSize: {x: 1, y: 1}
  m_BounceIntensity: 1
  m_ColorTemperature: 6570
  m_UseColorTemperature: 0
  m_BoundingSphereOverride: {x: 0, y: 0, z: 0, w: 0}
  m_UseBoundingSphereOverride: 0
  m_ShadowRadius: 0
  m_ShadowAngle: 0
--- !u!4 &2138677393
Transform:
  m_ObjectHideFlags: 0
  m_CorrespondingSourceObject: {fileID: 0}
  m_PrefabInstance: {fileID: 0}
  m_PrefabAsset: {fileID: 0}
  m_GameObject: {fileID: 2138677391}
  m_LocalRotation: {x: 0.7064338, y: 0.47771442, z: 0.030843567, w: 0.5213338}
  m_LocalPosition: {x: 0.24, y: 3, z: 4.18}
  m_LocalScale: {x: 1, y: 1, z: 1}
  m_Children: []
  m_Father: {fileID: 0}
  m_RootOrder: 0
  m_LocalEulerAnglesHint: {x: 45, y: 130, z: 90}
--- !u!1001 &697655731068522807
PrefabInstance:
  m_ObjectHideFlags: 0
  serializedVersion: 2
  m_Modification:
    m_TransformParent: {fileID: 0}
    m_Modifications:
    - target: {fileID: 6023523606054994314, guid: 059d9a28073443349bdc6f7fa0d61cbb,
        type: 3}
      propertyPath: m_Name
      value: Door
      objectReference: {fileID: 0}
    - target: {fileID: 4314015958829780192, guid: 059d9a28073443349bdc6f7fa0d61cbb,
        type: 3}
      propertyPath: m_LocalPosition.x
      value: 1.2872314
      objectReference: {fileID: 0}
    - target: {fileID: 4314015958829780192, guid: 059d9a28073443349bdc6f7fa0d61cbb,
        type: 3}
      propertyPath: m_LocalPosition.y
      value: 2.41
      objectReference: {fileID: 0}
    - target: {fileID: 4314015958829780192, guid: 059d9a28073443349bdc6f7fa0d61cbb,
        type: 3}
      propertyPath: m_LocalPosition.z
      value: -21.78
      objectReference: {fileID: 0}
    - target: {fileID: 4314015958829780192, guid: 059d9a28073443349bdc6f7fa0d61cbb,
        type: 3}
      propertyPath: m_LocalRotation.x
      value: 0
      objectReference: {fileID: 0}
    - target: {fileID: 4314015958829780192, guid: 059d9a28073443349bdc6f7fa0d61cbb,
        type: 3}
      propertyPath: m_LocalRotation.y
      value: 0
      objectReference: {fileID: 0}
    - target: {fileID: 4314015958829780192, guid: 059d9a28073443349bdc6f7fa0d61cbb,
        type: 3}
      propertyPath: m_LocalRotation.z
      value: 0
      objectReference: {fileID: 0}
    - target: {fileID: 4314015958829780192, guid: 059d9a28073443349bdc6f7fa0d61cbb,
        type: 3}
      propertyPath: m_LocalRotation.w
      value: 1
      objectReference: {fileID: 0}
    - target: {fileID: 4314015958829780192, guid: 059d9a28073443349bdc6f7fa0d61cbb,
        type: 3}
      propertyPath: m_RootOrder
      value: 5
      objectReference: {fileID: 0}
    - target: {fileID: 4314015958829780192, guid: 059d9a28073443349bdc6f7fa0d61cbb,
        type: 3}
      propertyPath: m_LocalEulerAnglesHint.x
      value: 0
      objectReference: {fileID: 0}
    - target: {fileID: 4314015958829780192, guid: 059d9a28073443349bdc6f7fa0d61cbb,
        type: 3}
      propertyPath: m_LocalEulerAnglesHint.y
      value: 0
      objectReference: {fileID: 0}
    - target: {fileID: 4314015958829780192, guid: 059d9a28073443349bdc6f7fa0d61cbb,
        type: 3}
      propertyPath: m_LocalEulerAnglesHint.z
      value: 0
      objectReference: {fileID: 0}
    m_RemovedComponents: []
  m_SourcePrefab: {fileID: 100100000, guid: 059d9a28073443349bdc6f7fa0d61cbb, type: 3}
--- !u!1001 &1205452069661684957
PrefabInstance:
  m_ObjectHideFlags: 0
  serializedVersion: 2
  m_Modification:
    m_TransformParent: {fileID: 0}
    m_Modifications:
    - target: {fileID: 1205452068849660486, guid: 0862345919853c44eb4b57bafc7ce308,
        type: 3}
      propertyPath: m_Name
      value: Player
      objectReference: {fileID: 0}
    - target: {fileID: 1205452068849660543, guid: 0862345919853c44eb4b57bafc7ce308,
        type: 3}
      propertyPath: m_LocalPosition.x
      value: 1.169
      objectReference: {fileID: 0}
    - target: {fileID: 1205452068849660543, guid: 0862345919853c44eb4b57bafc7ce308,
        type: 3}
      propertyPath: m_LocalPosition.y
      value: 1.12
      objectReference: {fileID: 0}
    - target: {fileID: 1205452068849660543, guid: 0862345919853c44eb4b57bafc7ce308,
        type: 3}
      propertyPath: m_LocalPosition.z
      value: 4.02
      objectReference: {fileID: 0}
    - target: {fileID: 1205452068849660543, guid: 0862345919853c44eb4b57bafc7ce308,
        type: 3}
      propertyPath: m_LocalRotation.x
      value: 0
      objectReference: {fileID: 0}
    - target: {fileID: 1205452068849660543, guid: 0862345919853c44eb4b57bafc7ce308,
        type: 3}
      propertyPath: m_LocalRotation.y
      value: 0
      objectReference: {fileID: 0}
    - target: {fileID: 1205452068849660543, guid: 0862345919853c44eb4b57bafc7ce308,
        type: 3}
      propertyPath: m_LocalRotation.z
      value: 0
      objectReference: {fileID: 0}
    - target: {fileID: 1205452068849660543, guid: 0862345919853c44eb4b57bafc7ce308,
        type: 3}
      propertyPath: m_LocalRotation.w
      value: 1
      objectReference: {fileID: 0}
    - target: {fileID: 1205452068849660543, guid: 0862345919853c44eb4b57bafc7ce308,
        type: 3}
      propertyPath: m_RootOrder
      value: 3
      objectReference: {fileID: 0}
    - target: {fileID: 1205452068849660543, guid: 0862345919853c44eb4b57bafc7ce308,
        type: 3}
      propertyPath: m_LocalEulerAnglesHint.x
      value: 0
      objectReference: {fileID: 0}
    - target: {fileID: 1205452068849660543, guid: 0862345919853c44eb4b57bafc7ce308,
        type: 3}
      propertyPath: m_LocalEulerAnglesHint.y
      value: 0
      objectReference: {fileID: 0}
    - target: {fileID: 1205452068849660543, guid: 0862345919853c44eb4b57bafc7ce308,
        type: 3}
      propertyPath: m_LocalEulerAnglesHint.z
      value: 0
      objectReference: {fileID: 0}
    - target: {fileID: 1205452068849660541, guid: 0862345919853c44eb4b57bafc7ce308,
        type: 3}
      propertyPath: m_Enabled
      value: 0
      objectReference: {fileID: 0}
    - target: {fileID: 1205452068849660481, guid: 0862345919853c44eb4b57bafc7ce308,
        type: 3}
      propertyPath: groundMask.m_Bits
      value: 512
      objectReference: {fileID: 0}
    - target: {fileID: 2394687194571802496, guid: 0862345919853c44eb4b57bafc7ce308,
        type: 3}
      propertyPath: m_TagString
      value: Untagged
      objectReference: {fileID: 0}
    - target: {fileID: 1205452068849660483, guid: 0862345919853c44eb4b57bafc7ce308,
        type: 3}
      propertyPath: m_AngularDrag
      value: 0
      objectReference: {fileID: 0}
    m_RemovedComponents:
    - {fileID: 1205452068849660480, guid: 0862345919853c44eb4b57bafc7ce308, type: 3}
  m_SourcePrefab: {fileID: 100100000, guid: 0862345919853c44eb4b57bafc7ce308, type: 3}
--- !u!4 &3671348103942340286 stripped
Transform:
  m_CorrespondingSourceObject: {fileID: 6493723141779757385, guid: b88a581a745bd5b4a9f1495a40f89f47,
    type: 3}
  m_PrefabInstance: {fileID: 4480018782334962248}
  m_PrefabAsset: {fileID: 0}
--- !u!1001 &4480018782334962248
PrefabInstance:
  m_ObjectHideFlags: 0
  serializedVersion: 2
  m_Modification:
    m_TransformParent: {fileID: 0}
    m_Modifications:
    - target: {fileID: 5107251557570110380, guid: b88a581a745bd5b4a9f1495a40f89f47,
        type: 3}
      propertyPath: m_Name
      value: Wall Variant
      objectReference: {fileID: 0}
    - target: {fileID: 6493723141779757385, guid: b88a581a745bd5b4a9f1495a40f89f47,
        type: 3}
      propertyPath: m_LocalPosition.x
      value: 6.2872
      objectReference: {fileID: 0}
    - target: {fileID: 6493723141779757385, guid: b88a581a745bd5b4a9f1495a40f89f47,
        type: 3}
      propertyPath: m_LocalPosition.y
      value: 2.41
      objectReference: {fileID: 0}
    - target: {fileID: 6493723141779757385, guid: b88a581a745bd5b4a9f1495a40f89f47,
        type: 3}
      propertyPath: m_LocalPosition.z
      value: -21.78
      objectReference: {fileID: 0}
    - target: {fileID: 6493723141779757385, guid: b88a581a745bd5b4a9f1495a40f89f47,
        type: 3}
      propertyPath: m_LocalRotation.x
      value: 0
      objectReference: {fileID: 0}
    - target: {fileID: 6493723141779757385, guid: b88a581a745bd5b4a9f1495a40f89f47,
        type: 3}
      propertyPath: m_LocalRotation.y
      value: 0
      objectReference: {fileID: 0}
    - target: {fileID: 6493723141779757385, guid: b88a581a745bd5b4a9f1495a40f89f47,
        type: 3}
      propertyPath: m_LocalRotation.z
      value: 0
      objectReference: {fileID: 0}
    - target: {fileID: 6493723141779757385, guid: b88a581a745bd5b4a9f1495a40f89f47,
        type: 3}
      propertyPath: m_LocalRotation.w
      value: 1
      objectReference: {fileID: 0}
    - target: {fileID: 6493723141779757385, guid: b88a581a745bd5b4a9f1495a40f89f47,
        type: 3}
      propertyPath: m_RootOrder
      value: 6
      objectReference: {fileID: 0}
    - target: {fileID: 6493723141779757385, guid: b88a581a745bd5b4a9f1495a40f89f47,
        type: 3}
      propertyPath: m_LocalEulerAnglesHint.x
      value: 0
      objectReference: {fileID: 0}
    - target: {fileID: 6493723141779757385, guid: b88a581a745bd5b4a9f1495a40f89f47,
        type: 3}
      propertyPath: m_LocalEulerAnglesHint.y
      value: 0
      objectReference: {fileID: 0}
    - target: {fileID: 6493723141779757385, guid: b88a581a745bd5b4a9f1495a40f89f47,
        type: 3}
      propertyPath: m_LocalEulerAnglesHint.z
      value: 0
      objectReference: {fileID: 0}
    m_RemovedComponents: []
  m_SourcePrefab: {fileID: 100100000, guid: b88a581a745bd5b4a9f1495a40f89f47, type: 3}
--- !u!1001 &5138700727638456871
PrefabInstance:
  m_ObjectHideFlags: 0
  serializedVersion: 2
  m_Modification:
    m_TransformParent: {fileID: 0}
    m_Modifications:
    - target: {fileID: 377082105813649984, guid: fd0baa4fbf9cca54e9a02bff0a22ba82,
        type: 3}
      propertyPath: m_Name
      value: Platform
      objectReference: {fileID: 0}
    - target: {fileID: 4853663283597445753, guid: fd0baa4fbf9cca54e9a02bff0a22ba82,
        type: 3}
      propertyPath: m_LocalPosition.x
      value: -9.56
      objectReference: {fileID: 0}
    - target: {fileID: 4853663283597445753, guid: fd0baa4fbf9cca54e9a02bff0a22ba82,
        type: 3}
      propertyPath: m_LocalPosition.y
      value: 11.99
      objectReference: {fileID: 0}
    - target: {fileID: 4853663283597445753, guid: fd0baa4fbf9cca54e9a02bff0a22ba82,
        type: 3}
      propertyPath: m_LocalPosition.z
      value: 3.5
      objectReference: {fileID: 0}
    - target: {fileID: 4853663283597445753, guid: fd0baa4fbf9cca54e9a02bff0a22ba82,
        type: 3}
      propertyPath: m_LocalRotation.x
      value: 0
      objectReference: {fileID: 0}
    - target: {fileID: 4853663283597445753, guid: fd0baa4fbf9cca54e9a02bff0a22ba82,
        type: 3}
      propertyPath: m_LocalRotation.y
      value: 0
      objectReference: {fileID: 0}
    - target: {fileID: 4853663283597445753, guid: fd0baa4fbf9cca54e9a02bff0a22ba82,
        type: 3}
      propertyPath: m_LocalRotation.z
      value: 0
      objectReference: {fileID: 0}
    - target: {fileID: 4853663283597445753, guid: fd0baa4fbf9cca54e9a02bff0a22ba82,
        type: 3}
      propertyPath: m_LocalRotation.w
      value: 1
      objectReference: {fileID: 0}
    - target: {fileID: 4853663283597445753, guid: fd0baa4fbf9cca54e9a02bff0a22ba82,
        type: 3}
      propertyPath: m_RootOrder
      value: 21
      objectReference: {fileID: 0}
    - target: {fileID: 4853663283597445753, guid: fd0baa4fbf9cca54e9a02bff0a22ba82,
        type: 3}
      propertyPath: m_LocalEulerAnglesHint.x
      value: 0
      objectReference: {fileID: 0}
    - target: {fileID: 4853663283597445753, guid: fd0baa4fbf9cca54e9a02bff0a22ba82,
        type: 3}
      propertyPath: m_LocalEulerAnglesHint.y
      value: 0
      objectReference: {fileID: 0}
    - target: {fileID: 4853663283597445753, guid: fd0baa4fbf9cca54e9a02bff0a22ba82,
        type: 3}
      propertyPath: m_LocalEulerAnglesHint.z
      value: 0
      objectReference: {fileID: 0}
    m_RemovedComponents: []
  m_SourcePrefab: {fileID: 100100000, guid: fd0baa4fbf9cca54e9a02bff0a22ba82, type: 3}
--- !u!1001 &8653135088726940573
PrefabInstance:
  m_ObjectHideFlags: 0
  serializedVersion: 2
  m_Modification:
    m_TransformParent: {fileID: 0}
    m_Modifications:
    - target: {fileID: 3404129310953431894, guid: 513f4c0bffb11d446a51c80a4dfbc2bd,
        type: 3}
      propertyPath: m_Name
      value: TeleportSet
      objectReference: {fileID: 0}
    - target: {fileID: 5697380243099647609, guid: 513f4c0bffb11d446a51c80a4dfbc2bd,
        type: 3}
      propertyPath: m_LocalPosition.x
      value: 8.27
      objectReference: {fileID: 0}
    - target: {fileID: 5697380243099647609, guid: 513f4c0bffb11d446a51c80a4dfbc2bd,
        type: 3}
      propertyPath: m_LocalPosition.y
      value: 0.45000002
      objectReference: {fileID: 0}
    - target: {fileID: 5697380243099647609, guid: 513f4c0bffb11d446a51c80a4dfbc2bd,
        type: 3}
      propertyPath: m_LocalPosition.z
      value: 8.7
      objectReference: {fileID: 0}
    - target: {fileID: 5697380243099647609, guid: 513f4c0bffb11d446a51c80a4dfbc2bd,
        type: 3}
      propertyPath: m_LocalRotation.x
      value: 0
      objectReference: {fileID: 0}
    - target: {fileID: 5697380243099647609, guid: 513f4c0bffb11d446a51c80a4dfbc2bd,
        type: 3}
      propertyPath: m_LocalRotation.y
      value: 0
      objectReference: {fileID: 0}
    - target: {fileID: 5697380243099647609, guid: 513f4c0bffb11d446a51c80a4dfbc2bd,
        type: 3}
      propertyPath: m_LocalRotation.z
      value: 0
      objectReference: {fileID: 0}
    - target: {fileID: 5697380243099647609, guid: 513f4c0bffb11d446a51c80a4dfbc2bd,
        type: 3}
      propertyPath: m_LocalRotation.w
      value: 1
      objectReference: {fileID: 0}
    - target: {fileID: 5697380243099647609, guid: 513f4c0bffb11d446a51c80a4dfbc2bd,
        type: 3}
      propertyPath: m_RootOrder
      value: 22
      objectReference: {fileID: 0}
    - target: {fileID: 5697380243099647609, guid: 513f4c0bffb11d446a51c80a4dfbc2bd,
        type: 3}
      propertyPath: m_LocalEulerAnglesHint.x
      value: 0
      objectReference: {fileID: 0}
    - target: {fileID: 5697380243099647609, guid: 513f4c0bffb11d446a51c80a4dfbc2bd,
        type: 3}
      propertyPath: m_LocalEulerAnglesHint.y
      value: 0
      objectReference: {fileID: 0}
    - target: {fileID: 5697380243099647609, guid: 513f4c0bffb11d446a51c80a4dfbc2bd,
        type: 3}
      propertyPath: m_LocalEulerAnglesHint.z
      value: 0
      objectReference: {fileID: 0}
    m_RemovedComponents: []
  m_SourcePrefab: {fileID: 100100000, guid: 513f4c0bffb11d446a51c80a4dfbc2bd, type: 3}
--- !u!1001 &9106214938884359790
PrefabInstance:
  m_ObjectHideFlags: 0
  serializedVersion: 2
  m_Modification:
    m_TransformParent: {fileID: 0}
    m_Modifications:
    - target: {fileID: 4786199647612645992, guid: 7de73862728c3d241bda276d0f06045f,
        type: 3}
      propertyPath: m_Name
      value: Receiver
      objectReference: {fileID: 0}
    - target: {fileID: 291599415373623889, guid: 7de73862728c3d241bda276d0f06045f,
        type: 3}
      propertyPath: m_LocalPosition.x
      value: 2.05
      objectReference: {fileID: 0}
    - target: {fileID: 291599415373623889, guid: 7de73862728c3d241bda276d0f06045f,
        type: 3}
      propertyPath: m_LocalPosition.y
      value: 0.5
      objectReference: {fileID: 0}
    - target: {fileID: 291599415373623889, guid: 7de73862728c3d241bda276d0f06045f,
        type: 3}
      propertyPath: m_LocalPosition.z
      value: -14.62
      objectReference: {fileID: 0}
    - target: {fileID: 291599415373623889, guid: 7de73862728c3d241bda276d0f06045f,
        type: 3}
      propertyPath: m_LocalRotation.x
      value: -0
      objectReference: {fileID: 0}
    - target: {fileID: 291599415373623889, guid: 7de73862728c3d241bda276d0f06045f,
        type: 3}
      propertyPath: m_LocalRotation.y
      value: -0
      objectReference: {fileID: 0}
    - target: {fileID: 291599415373623889, guid: 7de73862728c3d241bda276d0f06045f,
        type: 3}
      propertyPath: m_LocalRotation.z
      value: -0
      objectReference: {fileID: 0}
    - target: {fileID: 291599415373623889, guid: 7de73862728c3d241bda276d0f06045f,
        type: 3}
      propertyPath: m_LocalRotation.w
      value: 1
      objectReference: {fileID: 0}
    - target: {fileID: 291599415373623889, guid: 7de73862728c3d241bda276d0f06045f,
        type: 3}
      propertyPath: m_RootOrder
      value: 11
      objectReference: {fileID: 0}
    - target: {fileID: 291599415373623889, guid: 7de73862728c3d241bda276d0f06045f,
        type: 3}
      propertyPath: m_LocalEulerAnglesHint.x
      value: 0
      objectReference: {fileID: 0}
    - target: {fileID: 291599415373623889, guid: 7de73862728c3d241bda276d0f06045f,
        type: 3}
      propertyPath: m_LocalEulerAnglesHint.y
      value: 0
      objectReference: {fileID: 0}
    - target: {fileID: 291599415373623889, guid: 7de73862728c3d241bda276d0f06045f,
        type: 3}
      propertyPath: m_LocalEulerAnglesHint.z
      value: 0
      objectReference: {fileID: 0}
    - target: {fileID: 2017877855358847554, guid: 7de73862728c3d241bda276d0f06045f,
        type: 3}
      propertyPath: m_IsActive
      value: 1
      objectReference: {fileID: 0}
    m_RemovedComponents: []
  m_SourcePrefab: {fileID: 100100000, guid: 7de73862728c3d241bda276d0f06045f, type: 3}
--- !u!1 &9106214938884359791 stripped
GameObject:
  m_CorrespondingSourceObject: {fileID: 4786199647612645992, guid: 7de73862728c3d241bda276d0f06045f,
    type: 3}
  m_PrefabInstance: {fileID: 9106214938884359790}
  m_PrefabAsset: {fileID: 0}
--- !u!114 &9106214938884359792
MonoBehaviour:
  m_ObjectHideFlags: 0
  m_CorrespondingSourceObject: {fileID: 0}
  m_PrefabInstance: {fileID: 0}
  m_PrefabAsset: {fileID: 0}
  m_GameObject: {fileID: 9106214938884359791}
  m_Enabled: 1
  m_EditorHideFlags: 0
  m_Script: {fileID: 11500000, guid: a9c14e387554eae43b6785512dbf9742, type: 3}
  m_Name: 
  m_EditorClassIdentifier: 
