%YAML 1.1
%TAG !u! tag:unity3d.com,2011:
--- !u!1 &3404129310953431894
GameObject:
  m_ObjectHideFlags: 0
  m_CorrespondingSourceObject: {fileID: 0}
  m_PrefabInstance: {fileID: 0}
  m_PrefabAsset: {fileID: 0}
  serializedVersion: 6
  m_Component:
  - component: {fileID: 5697380243099647609}
  m_Layer: 0
  m_Name: TeleportSet
  m_TagString: Untagged
  m_Icon: {fileID: 0}
  m_NavMeshLayer: 0
  m_StaticEditorFlags: 0
  m_IsActive: 1
--- !u!4 &5697380243099647609
Transform:
  m_ObjectHideFlags: 0
  m_CorrespondingSourceObject: {fileID: 0}
  m_PrefabInstance: {fileID: 0}
  m_PrefabAsset: {fileID: 0}
  m_GameObject: {fileID: 3404129310953431894}
  m_LocalRotation: {x: 0, y: 0, z: 0, w: 1}
  m_LocalPosition: {x: 8.27, y: 0.45000002, z: 8.7}
  m_LocalScale: {x: 1, y: 1, z: 1}
  m_Children:
  - {fileID: 8943555791563672522}
  - {fileID: 5200844934510040342}
  m_Father: {fileID: 0}
  m_RootOrder: 0
  m_LocalEulerAnglesHint: {x: 0, y: 0, z: 0}
--- !u!1001 &484320296741956674
PrefabInstance:
  m_ObjectHideFlags: 0
  serializedVersion: 2
  m_Modification:
    m_TransformParent: {fileID: 5697380243099647609}
    m_Modifications:
    - target: {fileID: 645630413679622509, guid: e02f0c31a772dc74f8e275af8008bc86,
        type: 3}
      propertyPath: m_Name
      value: Teleport2
      objectReference: {fileID: 0}
    - target: {fileID: 5662636992694630740, guid: e02f0c31a772dc74f8e275af8008bc86,
        type: 3}
      propertyPath: m_LocalPosition.x
      value: 4.6
      objectReference: {fileID: 0}
    - target: {fileID: 5662636992694630740, guid: e02f0c31a772dc74f8e275af8008bc86,
        type: 3}
      propertyPath: m_LocalPosition.y
      value: 0
      objectReference: {fileID: 0}
    - target: {fileID: 5662636992694630740, guid: e02f0c31a772dc74f8e275af8008bc86,
        type: 3}
      propertyPath: m_LocalPosition.z
      value: 0
      objectReference: {fileID: 0}
    - target: {fileID: 5662636992694630740, guid: e02f0c31a772dc74f8e275af8008bc86,
        type: 3}
      propertyPath: m_LocalRotation.x
      value: 0
      objectReference: {fileID: 0}
    - target: {fileID: 5662636992694630740, guid: e02f0c31a772dc74f8e275af8008bc86,
        type: 3}
      propertyPath: m_LocalRotation.y
      value: 0
      objectReference: {fileID: 0}
    - target: {fileID: 5662636992694630740, guid: e02f0c31a772dc74f8e275af8008bc86,
        type: 3}
      propertyPath: m_LocalRotation.z
      value: 0
      objectReference: {fileID: 0}
    - target: {fileID: 5662636992694630740, guid: e02f0c31a772dc74f8e275af8008bc86,
        type: 3}
      propertyPath: m_LocalRotation.w
      value: 1
      objectReference: {fileID: 0}
    - target: {fileID: 5662636992694630740, guid: e02f0c31a772dc74f8e275af8008bc86,
        type: 3}
      propertyPath: m_RootOrder
      value: 1
      objectReference: {fileID: 0}
    - target: {fileID: 5662636992694630740, guid: e02f0c31a772dc74f8e275af8008bc86,
        type: 3}
      propertyPath: m_LocalEulerAnglesHint.x
      value: 0
      objectReference: {fileID: 0}
    - target: {fileID: 5662636992694630740, guid: e02f0c31a772dc74f8e275af8008bc86,
        type: 3}
      propertyPath: m_LocalEulerAnglesHint.y
      value: 0
      objectReference: {fileID: 0}
    - target: {fileID: 5662636992694630740, guid: e02f0c31a772dc74f8e275af8008bc86,
        type: 3}
      propertyPath: m_LocalEulerAnglesHint.z
      value: 0
      objectReference: {fileID: 0}
    - target: {fileID: 5662636992694630740, guid: e02f0c31a772dc74f8e275af8008bc86,
        type: 3}
      propertyPath: m_LocalScale.x
      value: 1
      objectReference: {fileID: 0}
    - target: {fileID: 5662636992694630740, guid: e02f0c31a772dc74f8e275af8008bc86,
        type: 3}
      propertyPath: m_LocalScale.z
      value: 1
      objectReference: {fileID: 0}
    - target: {fileID: 1663221413013094810, guid: e02f0c31a772dc74f8e275af8008bc86,
        type: 3}
      propertyPath: m_LocalPosition.y
      value: 0
      objectReference: {fileID: 0}
    - target: {fileID: 5376807883064257735, guid: e02f0c31a772dc74f8e275af8008bc86,
        type: 3}
      propertyPath: activated
      value: 1
      objectReference: {fileID: 0}
    - target: {fileID: 5376807883064257735, guid: e02f0c31a772dc74f8e275af8008bc86,
        type: 3}
      propertyPath: target
      value: 
      objectReference: {fileID: 8943555791563672522}
    - target: {fileID: 4833956960839170482, guid: e02f0c31a772dc74f8e275af8008bc86,
        type: 3}
      propertyPath: activated
      value: 1
      objectReference: {fileID: 0}
    - target: {fileID: 4833956960839170482, guid: e02f0c31a772dc74f8e275af8008bc86,
        type: 3}
      propertyPath: target
      value: 
      objectReference: {fileID: 7161910529469734781}
    m_RemovedComponents:
    - {fileID: 5376807883064257735, guid: e02f0c31a772dc74f8e275af8008bc86, type: 3}
  m_SourcePrefab: {fileID: 100100000, guid: e02f0c31a772dc74f8e275af8008bc86, type: 3}
--- !u!4 &5200844934510040342 stripped
Transform:
  m_CorrespondingSourceObject: {fileID: 5662636992694630740, guid: e02f0c31a772dc74f8e275af8008bc86,
    type: 3}
  m_PrefabInstance: {fileID: 484320296741956674}
  m_PrefabAsset: {fileID: 0}
--- !u!4 &6292883125198012833 stripped
Transform:
  m_CorrespondingSourceObject: {fileID: 5903209081583873507, guid: e02f0c31a772dc74f8e275af8008bc86,
    type: 3}
  m_PrefabInstance: {fileID: 484320296741956674}
  m_PrefabAsset: {fileID: 0}
--- !u!1001 &3641264530212188830
PrefabInstance:
  m_ObjectHideFlags: 0
  serializedVersion: 2
  m_Modification:
    m_TransformParent: {fileID: 5697380243099647609}
    m_Modifications:
    - target: {fileID: 645630413679622509, guid: e02f0c31a772dc74f8e275af8008bc86,
        type: 3}
      propertyPath: m_Name
      value: Teleport1
      objectReference: {fileID: 0}
    - target: {fileID: 5662636992694630740, guid: e02f0c31a772dc74f8e275af8008bc86,
        type: 3}
      propertyPath: m_LocalPosition.x
      value: 36.8
      objectReference: {fileID: 0}
    - target: {fileID: 5662636992694630740, guid: e02f0c31a772dc74f8e275af8008bc86,
        type: 3}
      propertyPath: m_LocalPosition.y
      value: 0
      objectReference: {fileID: 0}
    - target: {fileID: 5662636992694630740, guid: e02f0c31a772dc74f8e275af8008bc86,
        type: 3}
      propertyPath: m_LocalPosition.z
      value: 0.1
      objectReference: {fileID: 0}
    - target: {fileID: 5662636992694630740, guid: e02f0c31a772dc74f8e275af8008bc86,
        type: 3}
      propertyPath: m_LocalRotation.x
      value: -0
      objectReference: {fileID: 0}
    - target: {fileID: 5662636992694630740, guid: e02f0c31a772dc74f8e275af8008bc86,
        type: 3}
      propertyPath: m_LocalRotation.y
      value: -0
      objectReference: {fileID: 0}
    - target: {fileID: 5662636992694630740, guid: e02f0c31a772dc74f8e275af8008bc86,
        type: 3}
      propertyPath: m_LocalRotation.z
      value: -0
      objectReference: {fileID: 0}
    - target: {fileID: 5662636992694630740, guid: e02f0c31a772dc74f8e275af8008bc86,
        type: 3}
      propertyPath: m_LocalRotation.w
      value: 1
      objectReference: {fileID: 0}
    - target: {fileID: 5662636992694630740, guid: e02f0c31a772dc74f8e275af8008bc86,
        type: 3}
      propertyPath: m_RootOrder
      value: 0
      objectReference: {fileID: 0}
    - target: {fileID: 5662636992694630740, guid: e02f0c31a772dc74f8e275af8008bc86,
        type: 3}
      propertyPath: m_LocalEulerAnglesHint.x
      value: 0
      objectReference: {fileID: 0}
    - target: {fileID: 5662636992694630740, guid: e02f0c31a772dc74f8e275af8008bc86,
        type: 3}
      propertyPath: m_LocalEulerAnglesHint.y
      value: 0
      objectReference: {fileID: 0}
    - target: {fileID: 5662636992694630740, guid: e02f0c31a772dc74f8e275af8008bc86,
        type: 3}
      propertyPath: m_LocalEulerAnglesHint.z
      value: 0
      objectReference: {fileID: 0}
    - target: {fileID: 5662636992694630740, guid: e02f0c31a772dc74f8e275af8008bc86,
        type: 3}
      propertyPath: m_LocalScale.x
      value: 1
      objectReference: {fileID: 0}
    - target: {fileID: 5662636992694630740, guid: e02f0c31a772dc74f8e275af8008bc86,
        type: 3}
      propertyPath: m_LocalScale.z
      value: 1
      objectReference: {fileID: 0}
    - target: {fileID: 1663221413013094810, guid: e02f0c31a772dc74f8e275af8008bc86,
        type: 3}
      propertyPath: m_LocalPosition.y
      value: 0
      objectReference: {fileID: 0}
    - target: {fileID: 5376807883064257735, guid: e02f0c31a772dc74f8e275af8008bc86,
        type: 3}
      propertyPath: activated
      value: 1
      objectReference: {fileID: 0}
    - target: {fileID: 5376807883064257735, guid: e02f0c31a772dc74f8e275af8008bc86,
        type: 3}
      propertyPath: target
      value: 
      objectReference: {fileID: 5200844934510040342}
    - target: {fileID: 4833956960839170482, guid: e02f0c31a772dc74f8e275af8008bc86,
        type: 3}
      propertyPath: activated
      value: 1
      objectReference: {fileID: 0}
    - target: {fileID: 4833956960839170482, guid: e02f0c31a772dc74f8e275af8008bc86,
        type: 3}
      propertyPath: target
      value: 
      objectReference: {fileID: 6292883125198012833}
    m_RemovedComponents:
    - {fileID: 5376807883064257735, guid: e02f0c31a772dc74f8e275af8008bc86, type: 3}
  m_SourcePrefab: {fileID: 100100000, guid: e02f0c31a772dc74f8e275af8008bc86, type: 3}
--- !u!4 &8943555791563672522 stripped
Transform:
  m_CorrespondingSourceObject: {fileID: 5662636992694630740, guid: e02f0c31a772dc74f8e275af8008bc86,
    type: 3}
  m_PrefabInstance: {fileID: 3641264530212188830}
  m_PrefabAsset: {fileID: 0}
--- !u!4 &7161910529469734781 stripped
Transform:
  m_CorrespondingSourceObject: {fileID: 5903209081583873507, guid: e02f0c31a772dc74f8e275af8008bc86,
    type: 3}
  m_PrefabInstance: {fileID: 3641264530212188830}
  m_PrefabAsset: {fileID: 0}
